<?xml version='1.0' encoding='utf-8'?>
<record xmlns="http://www.loc.gov/MARC21/slim" xmlns:xsi="http://www.w3.org/2001/XMLSchema-instance">
  <leader>00000nacaa22003851a^4500</leader>
  <controlfield tag="001">005023096</controlfield>
  <controlfield tag="005">20150521164623.0</controlfield>
  <controlfield tag="008">940609m19562001miu^^^^^^^^^^l000^0^eng^d</controlfield>
  <datafield tag="035" ind1=" " ind2=" ">
    <subfield code="a">(OCoLC)702905119</subfield>
  </datafield>
  <datafield tag="040" ind1=" " ind2=" ">
    <subfield code="a">MiU-H</subfield>
    <subfield code="c">MiU-H</subfield>
  </datafield>
  <datafield tag="110" ind1="1" ind2=" ">
    <subfield code="a">Ann Arbor (Mich.)</subfield>
  </datafield>
  <datafield tag="245" ind1="1" ind2="0">
    <subfield code="a">[Ann Arbor (Mich.) government publications].</subfield>
  </datafield>
  <datafield tag="260" ind1=" " ind2=" ">
    <subfield code="a">[Ann Arbor, Mich. :</subfield>
    <subfield code="b">The City,</subfield>
    <subfield code="c">1956-2001]</subfield>
  </datafield>
  <datafield tag="300" ind1=" " ind2=" ">
    <subfield code="a">3 linear ft.</subfield>
  </datafield>
  <datafield tag="500" ind1=" " ind2=" ">
    <subfield code="a">Scattered publications of various city offices.</subfield>
  </datafield>
  <datafield tag="555" ind1="0" ind2=" ">
    <subfield code="a">Finding aid in the library.</subfield>
  </datafield>
  <datafield tag="555" ind1="0" ind2=" ">
    <subfield code="a">Finding aid available via World Wide Web at URL: http://quod.lib.umich.edu/cgi/f/findaid/findaid-idx?c=bhlead&amp;idno=umich-bhl-0575</subfield>
  </datafield>
  <datafield tag="651" ind1=" " ind2="0">
    <subfield code="a">Ann Arbor (Mich.)</subfield>
    <subfield code="x">Politics and government.</subfield>
  </datafield>
  <datafield tag="710" ind1="1" ind2=" ">
    <subfield code="a">Ann Arbor (Mich.).</subfield>
    <subfield code="b">Anti-Substance Abuse Task Force.</subfield>
  </datafield>
  <datafield tag="710" ind1="1" ind2=" ">
    <subfield code="a">Ann Arbor (Mich.).</subfield>
    <subfield code="b">Central Area Development Task Force.</subfield>
  </datafield>
  <datafield tag="710" ind1="1" ind2=" ">
    <subfield code="a">Ann Arbor (Mich.).</subfield>
    <subfield code="b">Circulation Plan Special Committee.</subfield>
  </datafield>
  <datafield tag="710" ind1="1" ind2=" ">
    <subfield code="a">Ann Arbor (Mich.).</subfield>
    <subfield code="b">Citizen Advisory Committee.</subfield>
  </datafield>
  <datafield tag="710" ind1="1" ind2=" ">
    <subfield code="a">Ann Arbor (Mich.).</subfield>
    <subfield code="b">Citizen's Commission on Children and Youth.</subfield>
  </datafield>
  <datafield tag="710" ind1="1" ind2=" ">
    <subfield code="a">Ann Arbor (Mich.).</subfield>
    <subfield code="b">Citizens' Committee on Community Development.</subfield>
  </datafield>
  <datafield tag="710" ind1="1" ind2=" ">
    <subfield code="a">Ann Arbor (Mich.).</subfield>
    <subfield code="b">City Administrator's Office.</subfield>
  </datafield>
  <datafield tag="710" ind1="1" ind2=" ">
    <subfield code="a">Ann Arbor (Mich.).</subfield>
    <subfield code="b">Common Council.</subfield>
  </datafield>
  <datafield tag="710" ind1="1" ind2=" ">
    <subfield code="a">Ann Arbor (Mich.).</subfield>
    <subfield code="b">Community Development Dept.</subfield>
  </datafield>
  <datafield tag="710" ind1="1" ind2=" ">
    <subfield code="a">Ann Arbor (Mich.).</subfield>
    <subfield code="b">Community Planning and Management.</subfield>
  </datafield>
  <datafield tag="710" ind1="1" ind2=" ">
    <subfield code="a">Ann Arbor (Mich.).</subfield>
    <subfield code="b">Community Renewal Program.</subfield>
  </datafield>
  <datafield tag="710" ind1="1" ind2=" ">
    <subfield code="a">Ann Arbor (Mich.).</subfield>
    <subfield code="b">Department of Parks and Recreation.</subfield>
  </datafield>
  <datafield tag="710" ind1="2" ind2=" ">
    <subfield code="a">Ann Arbor Downtown Development Authority.</subfield>
  </datafield>
  <datafield tag="710" ind1="1" ind2=" ">
    <subfield code="a">Ann Arbor (Mich.).</subfield>
    <subfield code="b">Engineering Dept.</subfield>
  </datafield>
  <datafield tag="710" ind1="2" ind2=" ">
    <subfield code="a">Ann Arbor Historic District Commission (Mich.)</subfield>
  </datafield>
  <datafield tag="710" ind1="1" ind2=" ">
    <subfield code="a">Ann Arbor (Mich.).</subfield>
    <subfield code="b">Housing Commission.</subfield>
  </datafield>
  <datafield tag="710" ind1="1" ind2=" ">
    <subfield code="a">Ann Arbor (Mich.).</subfield>
    <subfield code="b">Human Relations Commission.</subfield>
  </datafield>
  <datafield tag="710" ind1="1" ind2=" ">
    <subfield code="a">Ann Arbor (Mich.).</subfield>
    <subfield code="b">Individual Historic Properties District Study Committee.</subfield>
  </datafield>
  <datafield tag="710" ind1="1" ind2=" ">
    <subfield code="a">Ann Arbor (Mich.).</subfield>
    <subfield code="b">Mayor's Blue Ribbon Committee on Fair Rental Practices.</subfield>
  </datafield>
  <datafield tag="710" ind1="1" ind2=" ">
    <subfield code="a">Ann Arbor (Mich.).</subfield>
    <subfield code="b">Model Cities Program.</subfield>
  </datafield>
  <datafield tag="710" ind1="1" ind2=" ">
    <subfield code="a">Ann Arbor (Mich.).</subfield>
    <subfield code="b">Office of the City Controller.</subfield>
  </datafield>
  <datafield tag="710" ind1="1" ind2=" ">
    <subfield code="a">Ann Arbor (Mich.).</subfield>
    <subfield code="b">Office of Community Services.</subfield>
  </datafield>
  <datafield tag="710" ind1="1" ind2=" ">
    <subfield code="a">Ann Arbor (Mich.).</subfield>
    <subfield code="b">Personnel/Human Rights Dept.</subfield>
  </datafield>
  <datafield tag="710" ind1="1" ind2=" ">
    <subfield code="a">Ann Arbor (Mich.).</subfield>
    <subfield code="b">Police Department.</subfield>
  </datafield>
  <datafield tag="710" ind1="1" ind2=" ">
    <subfield code="a">Ann Arbor (Mich.).</subfield>
    <subfield code="b">Solid Waste Dept.</subfield>
  </datafield>
  <datafield tag="856" ind1="4" ind2="2">
    <subfield code="3">Finding aid:</subfield>
    <subfield code="u">http://quod.lib.umich.edu/cgi/f/findaid/findaid-idx?c=bhlead&amp;idno=umich-bhl-0575</subfield>
  </datafield>
  <datafield tag="852" ind1="8" ind2=" ">
    <subfield code="a">MiU-H</subfield>
    <subfield code="b">BENT</subfield>
    <subfield code="h">0575 Cc 2 Box 1</subfield>
  </datafield>
  <datafield tag="852" ind1="8" ind2=" ">
    <subfield code="a">MiU-H</subfield>
    <subfield code="b">BENT</subfield>
    <subfield code="h">0575 Cc 2 Box 3</subfield>
  </datafield>
  <datafield tag="852" ind1="8" ind2=" ">
    <subfield code="a">MiU-H</subfield>
    <subfield code="b">BENT</subfield>
    <subfield code="h">0575 Cc 2 Box 2</subfield>
  </datafield>
  <datafield tag="997" ind1=" " ind2=" ">
    <subfield code="a">MARS</subfield>
  </datafield>
  <datafield tag="998" ind1=" " ind2=" ">
    <subfield code="c">PR</subfield>
  </datafield>
  <datafield tag="955" ind1=" " ind2=" ">
    <subfield code="b">BENT</subfield>
    <subfield code="p">39015071662691</subfield>
    <subfield code="z">City Administratorâs Office, Annual report, 1988/89</subfield>
  </datafield>
  <datafield tag="955" ind1=" " ind2=" ">
    <subfield code="b">BENT</subfield>
    <subfield code="p">39015071662717</subfield>
    <subfield code="z">Controllerâs Office, Comprehensive annual financial report city of Ann Arbor, county of Washtenaw, State of Michigan, fiscal year ended June 30, 1999</subfield>
  </datafield>
  <datafield tag="955" ind1=" " ind2=" ">
    <subfield code="b">BENT</subfield>
    <subfield code="p">39015071662725</subfield>
    <subfield code="z">Controllerâs Office, Comprehensive annual financial report city of Ann Arbor, county of Washtenaw, State of Michigan, fiscal year ended June 30, 1998</subfield>
  </datafield>
  <datafield tag="955" ind1=" " ind2=" ">
    <subfield code="b">BENT</subfield>
    <subfield code="p">39015071662733</subfield>
    <subfield code="z">Controllerâs Office, Comprehensive annual financial report city of Ann Arbor, county of Washtenaw, State of Michigan, fiscal year ended June 30, 1997</subfield>
  </datafield>
  <datafield tag="955" ind1=" " ind2=" ">
    <subfield code="b">BENT</subfield>
    <subfield code="p">39015071662741</subfield>
    <subfield code="z">Controllerâs Office, Comprehensive annual financial report city of Ann Arbor, county of Washtenaw, State of Michigan, fiscal year ended June 30, 1996</subfield>
  </datafield>
  <datafield tag="955" ind1=" " ind2=" ">
    <subfield code="b">BENT</subfield>
    <subfield code="p">39015071844067</subfield>
    <subfield code="z">Anti-Substance Abuse Task Force, Final report on city of Ann Arbor study on substance abuse, 1990</subfield>
  </datafield>
  <datafield tag="955" ind1=" " ind2=" ">
    <subfield code="b">BENT</subfield>
    <subfield code="p">39015071844075</subfield>
    <subfield code="z">Central Area Development Task Force (Central Area Plan Citizen Task Force), Ann Arborâs central area: a vision and agenda for the future, 1987</subfield>
  </datafield>
  <datafield tag="955" ind1=" " ind2=" ">
    <subfield code="b">BENT</subfield>
    <subfield code="p">39015071844083</subfield>
    <subfield code="z">Central Area Development Task Force (Central Area Plan Citizen Task Force), Central Area Plan bulletin, Oct.1991</subfield>
  </datafield>
  <datafield tag="955" ind1=" " ind2=" ">
    <subfield code="b">BENT</subfield>
    <subfield code="p">39015071844091</subfield>
    <subfield code="z">Circulation Plan Special Committee, Meeting notes, July 1, 1975-July 19, 1976</subfield>
  </datafield>
  <datafield tag="955" ind1=" " ind2=" ">
    <subfield code="b">BENT</subfield>
    <subfield code="p">39015071844109</subfield>
    <subfield code="z">Citizen Advisory Committee, Draft summary statement for Citizen Advisory Committee, 1975</subfield>
  </datafield>
  <datafield tag="955" ind1=" " ind2=" ">
    <subfield code="b">BENT</subfield>
    <subfield code="p">39015071844117</subfield>
    <subfield code="z">Citizensâ Commission on Children and Youth, Annual report, 1963/64</subfield>
  </datafield>
  <datafield tag="955" ind1=" " ind2=" ">
    <subfield code="b">BENT</subfield>
    <subfield code="p">39015071844125</subfield>
    <subfield code="z">Citizensâ Committee on Community Development, Table showing cross reference between Citizensâ Committee on Community Development program areas and activities and needs, long range objectives, and sh</subfield>
  </datafield>
  <datafield tag="955" ind1=" " ind2=" ">
    <subfield code="b">BENT</subfield>
    <subfield code="p">39015071844133</subfield>
    <subfield code="z">Citizensâ Committee on Community Development, Finalized listing of program and project area allocations, 1974</subfield>
  </datafield>
  <datafield tag="955" ind1=" " ind2=" ">
    <subfield code="b">BENT</subfield>
    <subfield code="p">39015071844141</subfield>
    <subfield code="z">City Administratorâs Office, Annual report, 1992/93</subfield>
  </datafield>
  <datafield tag="955" ind1=" " ind2=" ">
    <subfield code="b">BENT</subfield>
    <subfield code="p">39015071844158</subfield>
    <subfield code="z">City Administratorâs Office, Annual report, 1991/92</subfield>
  </datafield>
  <datafield tag="955" ind1=" " ind2=" ">
    <subfield code="b">BENT</subfield>
    <subfield code="p">39015071844166</subfield>
    <subfield code="z">City Administratorâs Office, Annual report, 1990/91</subfield>
  </datafield>
  <datafield tag="955" ind1=" " ind2=" ">
    <subfield code="b">BENT</subfield>
    <subfield code="p">39015071844174</subfield>
    <subfield code="z">City Administratorâs Office, Annual report, 1967/68</subfield>
  </datafield>
  <datafield tag="955" ind1=" " ind2=" ">
    <subfield code="b">BENT</subfield>
    <subfield code="p">39015071844182</subfield>
    <subfield code="z">City Administratorâs Office, Annual report, 1987/88</subfield>
  </datafield>
  <datafield tag="955" ind1=" " ind2=" ">
    <subfield code="b">BENT</subfield>
    <subfield code="p">39015071844190</subfield>
    <subfield code="z">City Administratorâs Office, Annual report, 1989/90</subfield>
  </datafield>
  <datafield tag="955" ind1=" " ind2=" ">
    <subfield code="b">BENT</subfield>
    <subfield code="p">39015071844208</subfield>
    <subfield code="z">City Administratorâs Office, Diversity â92 Diversity in the workplace: a report on affirmative action by the city of Ann Arbor, October 1992</subfield>
  </datafield>
  <datafield tag="955" ind1=" " ind2=" ">
    <subfield code="b">BENT</subfield>
    <subfield code="p">39015071844216</subfield>
    <subfield code="z">City Administratorâs Office, Directory of city services, 2001</subfield>
  </datafield>
  <datafield tag="955" ind1=" " ind2=" ">
    <subfield code="b">BENT</subfield>
    <subfield code="p">39015071844224</subfield>
    <subfield code="z">City Administratorâs Office, Directory of city services, 1997</subfield>
  </datafield>
  <datafield tag="955" ind1=" " ind2=" ">
    <subfield code="b">BENT</subfield>
    <subfield code="p">39015071844232</subfield>
    <subfield code="z">City Administratorâs Office, Directory of city services, 1995</subfield>
  </datafield>
  <datafield tag="955" ind1=" " ind2=" ">
    <subfield code="b">BENT</subfield>
    <subfield code="p">39015071844240</subfield>
    <subfield code="z">City Administratorâs Office, Directory of city services, 1992</subfield>
  </datafield>
  <datafield tag="955" ind1=" " ind2=" ">
    <subfield code="b">BENT</subfield>
    <subfield code="p">39015071844257</subfield>
    <subfield code="z">City Administratorâs Office, Directory of city services, 1991</subfield>
  </datafield>
  <datafield tag="955" ind1=" " ind2=" ">
    <subfield code="b">BENT</subfield>
    <subfield code="p">39015071844265</subfield>
    <subfield code="z">City Administratorâs Office, City of Ann Arbor income tax feasibility study, July 1993</subfield>
  </datafield>
  <datafield tag="955" ind1=" " ind2=" ">
    <subfield code="b">BENT</subfield>
    <subfield code="p">39015071844273</subfield>
    <subfield code="z">City Administratorâs Office, Budget, 1989/90, executive summary</subfield>
  </datafield>
  <datafield tag="955" ind1=" " ind2=" ">
    <subfield code="b">BENT</subfield>
    <subfield code="p">39015071844372</subfield>
    <subfield code="z">City Council, Rules of the Council including pertinent charter provisions, 1956</subfield>
  </datafield>
  <datafield tag="955" ind1=" " ind2=" ">
    <subfield code="b">BENT</subfield>
    <subfield code="p">39015071844380</subfield>
    <subfield code="z">Community Development, Office of, Community development newsletter, Feb.1977</subfield>
  </datafield>
  <datafield tag="955" ind1=" " ind2=" ">
    <subfield code="b">BENT</subfield>
    <subfield code="p">39015071844398</subfield>
    <subfield code="z">Community Development, Office of, Community development newsletter, Apr.1977</subfield>
  </datafield>
  <datafield tag="955" ind1=" " ind2=" ">
    <subfield code="b">BENT</subfield>
    <subfield code="p">39015071844406</subfield>
    <subfield code="z">Community Development, Office of, Community development newsletter, Jan.1978</subfield>
  </datafield>
  <datafield tag="955" ind1=" " ind2=" ">
    <subfield code="b">BENT</subfield>
    <subfield code="p">39015071844414</subfield>
    <subfield code="z">Community Development, Office of, Community development newsletter, Feb.1978</subfield>
  </datafield>
  <datafield tag="955" ind1=" " ind2=" ">
    <subfield code="b">BENT</subfield>
    <subfield code="p">39015071844422</subfield>
    <subfield code="z">Community Development, Office of, Community development newsletter, Apr.1978</subfield>
  </datafield>
  <datafield tag="955" ind1=" " ind2=" ">
    <subfield code="b">BENT</subfield>
    <subfield code="p">39015071844430</subfield>
    <subfield code="z">Community Development, Office of, Your housing rehabilitation program, March 1977</subfield>
  </datafield>
  <datafield tag="955" ind1=" " ind2=" ">
    <subfield code="b">BENT</subfield>
    <subfield code="p">39015071844448</subfield>
    <subfield code="z">Community Planning and Management, Ann Arbor bicycle path study, prepared by Haldon L. Smith. July 1972.</subfield>
  </datafield>
  <datafield tag="955" ind1=" " ind2=" ">
    <subfield code="b">BENT</subfield>
    <subfield code="p">39015071844455</subfield>
    <subfield code="z">Community Planning and Management, The Ann Arbor planning process: an organizational analysis. [ca. 1972?]</subfield>
  </datafield>
  <datafield tag="955" ind1=" " ind2=" ">
    <subfield code="b">BENT</subfield>
    <subfield code="p">39015071844463</subfield>
    <subfield code="z">Community Planning and Management, Housing stock data base applications. 1973</subfield>
  </datafield>
  <datafield tag="955" ind1=" " ind2=" ">
    <subfield code="b">BENT</subfield>
    <subfield code="p">39015071844471</subfield>
    <subfield code="z">Community Planning and Management, Downtown housing opportunity study: the feasibility of renovating upper story space, by H. Pamela Goodman. Jan. 1975.</subfield>
  </datafield>
  <datafield tag="955" ind1=" " ind2=" ">
    <subfield code="b">BENT</subfield>
    <subfield code="p">39015071844489</subfield>
    <subfield code="z">Community Planning and Management, Financing Ann Arbor's city government. Mar. 1974.</subfield>
  </datafield>
  <datafield tag="955" ind1=" " ind2=" ">
    <subfield code="b">BENT</subfield>
    <subfield code="p">39015071844497</subfield>
    <subfield code="z">Community Planning and Management, Financing Ann Arbor's city government. Sept. 1974.</subfield>
  </datafield>
  <datafield tag="955" ind1=" " ind2=" ">
    <subfield code="b">BENT</subfield>
    <subfield code="p">39015071844505</subfield>
    <subfield code="z">Community Planning and Management, Organization charts for the city of Ann Arbor, 1980</subfield>
  </datafield>
  <datafield tag="955" ind1=" " ind2=" ">
    <subfield code="b">BENT</subfield>
    <subfield code="p">39015071844513</subfield>
    <subfield code="z">Community Planning and Management, Organization charts for the city of Ann Arbor, 1975</subfield>
  </datafield>
  <datafield tag="955" ind1=" " ind2=" ">
    <subfield code="b">BENT</subfield>
    <subfield code="p">39015071844521</subfield>
    <subfield code="z">Community Planning and Management, The formulation of city-wide goals and objectives, 1976</subfield>
  </datafield>
  <datafield tag="955" ind1=" " ind2=" ">
    <subfield code="b">BENT</subfield>
    <subfield code="p">39015071844539</subfield>
    <subfield code="z">Community Planning and Management, Housing stock data base. [1972?] v.1</subfield>
  </datafield>
  <datafield tag="955" ind1=" " ind2=" ">
    <subfield code="b">BENT</subfield>
    <subfield code="p">39015071844547</subfield>
    <subfield code="z">Community Planning and Management, Housing stock data base. [1972?] v.2</subfield>
  </datafield>
  <datafield tag="955" ind1=" " ind2=" ">
    <subfield code="b">BENT</subfield>
    <subfield code="p">39015071844554</subfield>
    <subfield code="z">Community Planning and Management, Management planning and scheduling, 1973</subfield>
  </datafield>
  <datafield tag="955" ind1=" " ind2=" ">
    <subfield code="b">BENT</subfield>
    <subfield code="p">39015071844562</subfield>
    <subfield code="z">Community Planning and Management, Organization charts for the city of Ann Arbor, 1973</subfield>
  </datafield>
  <datafield tag="955" ind1=" " ind2=" ">
    <subfield code="b">BENT</subfield>
    <subfield code="p">39015071844570</subfield>
    <subfield code="z">Community Planning and Management, Municipal cost/revenue impact analysis for Pittsfield Valley Farms. Aug. 1976.</subfield>
  </datafield>
  <datafield tag="955" ind1=" " ind2=" ">
    <subfield code="b">BENT</subfield>
    <subfield code="p">39015071844588</subfield>
    <subfield code="z">Community Planning and Management, 1974 C.P.M. survey on citizen attitudes. Mar. 1975.</subfield>
  </datafield>
  <datafield tag="955" ind1=" " ind2=" ">
    <subfield code="b">BENT</subfield>
    <subfield code="p">39015071844596</subfield>
    <subfield code="z">Community Planning and Management, Preparing Ann Arbor's budget: fiscal 1974/1975. June 1974</subfield>
  </datafield>
  <datafield tag="955" ind1=" " ind2=" ">
    <subfield code="b">BENT</subfield>
    <subfield code="p">39015071844604</subfield>
    <subfield code="z">Community Renewal Program, Ann Arbor community renewal program, 1971</subfield>
  </datafield>
  <datafield tag="955" ind1=" " ind2=" ">
    <subfield code="b">BENT</subfield>
    <subfield code="p">39015071844612</subfield>
    <subfield code="z">Community Services, Office of, Report to the Superintendent of Schools and the Ann Arbor Board of Education: new and planned housing developments within the Ann Arbor School district, 1979</subfield>
  </datafield>
  <datafield tag="955" ind1=" " ind2=" ">
    <subfield code="b">BENT</subfield>
    <subfield code="p">39015071844620</subfield>
    <subfield code="z">Controllerâs Office, Comprehensive annual financial report city of Ann Arbor, county of Washtenaw, State of Michigan, fiscal year ended June 30, 1988</subfield>
  </datafield>
  <datafield tag="955" ind1=" " ind2=" ">
    <subfield code="b">BENT</subfield>
    <subfield code="p">39015071844638</subfield>
    <subfield code="z">Downtown Development Authority, Development plan and tax increment financing plan for the Ann Arbor downtown development district, Oct. 26, 1982</subfield>
  </datafield>
  <datafield tag="955" ind1=" " ind2=" ">
    <subfield code="b">BENT</subfield>
    <subfield code="p">39015071844646</subfield>
    <subfield code="z">Downtown Development Authority, Ann Arbor downtown plan, Ann Arbor, Michigan, July 1988</subfield>
  </datafield>
  <datafield tag="955" ind1=" " ind2=" ">
    <subfield code="b">BENT</subfield>
    <subfield code="p">39015071844653</subfield>
    <subfield code="z">Energy Advisory Board, Proposed energy work plan, 1982</subfield>
  </datafield>
  <datafield tag="955" ind1=" " ind2=" ">
    <subfield code="b">BENT</subfield>
    <subfield code="p">39015071844661</subfield>
    <subfield code="z">Engineering Department/Division, Proposed street improvements for Packard Road Carpenter to Shadford?, 1967</subfield>
  </datafield>
  <datafield tag="955" ind1=" " ind2=" ">
    <subfield code="b">BENT</subfield>
    <subfield code="p">39015071844679</subfield>
    <subfield code="z">Engineering Department/Division, Broadway/Wall TSM project proposal, 1981</subfield>
  </datafield>
  <datafield tag="955" ind1=" " ind2=" ">
    <subfield code="b">BENT</subfield>
    <subfield code="p">39015071844687</subfield>
    <subfield code="z">Historic District Commission, Historical data on the building at 1037 Jones Drive (formerly 1037 Mill Street)?Sept.22, 1972</subfield>
  </datafield>
  <datafield tag="955" ind1=" " ind2=" ">
    <subfield code="b">BENT</subfield>
    <subfield code="p">39015071844695</subfield>
    <subfield code="z">Housing Commission, Fifth report of the Citizensâ Committee on Tenant Relations, Feb.27, 1970</subfield>
  </datafield>
  <datafield tag="955" ind1=" " ind2=" ">
    <subfield code="b">BENT</subfield>
    <subfield code="p">39015071844703</subfield>
    <subfield code="z">Human Relations Commission, The population distribution of racial minorities in Ann Arbor, Michigan, 1950-1960</subfield>
  </datafield>
  <datafield tag="955" ind1=" " ind2=" ">
    <subfield code="b">BENT</subfield>
    <subfield code="p">39015071844711</subfield>
    <subfield code="z">Human Relations Commission, Program prospectus, 1968</subfield>
  </datafield>
  <datafield tag="955" ind1=" " ind2=" ">
    <subfield code="b">BENT</subfield>
    <subfield code="p">39015071844729</subfield>
    <subfield code="z">Individual Historic Properties District Study Committee, 500 North Main Street?The Kellogg-Warden House, final report, 1993</subfield>
  </datafield>
  <datafield tag="955" ind1=" " ind2=" ">
    <subfield code="b">BENT</subfield>
    <subfield code="p">39015071844737</subfield>
    <subfield code="z">Individual Historic Properties District Study Committee, Appendix A: Documentation of individual historic properties?, 1994</subfield>
  </datafield>
  <datafield tag="955" ind1=" " ind2=" ">
    <subfield code="b">BENT</subfield>
    <subfield code="p">39015071844745</subfield>
    <subfield code="z">Mayorâs Blue Ribbon Committee on Fair Rental Practices, [letter to Hon. Albert H. Wheeler, Mayor], 1977</subfield>
  </datafield>
  <datafield tag="955" ind1=" " ind2=" ">
    <subfield code="b">BENT</subfield>
    <subfield code="p">39015071844752</subfield>
    <subfield code="z">Model Cities Program, [Comprehensive first year action program], draft, 1970</subfield>
  </datafield>
  <datafield tag="955" ind1=" " ind2=" ">
    <subfield code="b">BENT</subfield>
    <subfield code="p">39015071844760</subfield>
    <subfield code="z">Model Cities Program, First year action plan, 1970</subfield>
  </datafield>
  <datafield tag="955" ind1=" " ind2=" ">
    <subfield code="b">BENT</subfield>
    <subfield code="p">39015071844778</subfield>
    <subfield code="z">Model Cities Program, Mid-planning statement, 1969</subfield>
  </datafield>
  <datafield tag="955" ind1=" " ind2=" ">
    <subfield code="b">BENT</subfield>
    <subfield code="p">39015071844786</subfield>
    <subfield code="z">Parks and Recreation, Dept. of, Report proposing parkland acquisition policy and guidelines (2 versions): one is a summary report for public distribution</subfield>
  </datafield>
  <datafield tag="955" ind1=" " ind2=" ">
    <subfield code="b">BENT</subfield>
    <subfield code="p">39015071844794</subfield>
    <subfield code="z">Parks and Recreation, Dept. of, Annual report, 1958/59</subfield>
  </datafield>
  <datafield tag="955" ind1=" " ind2=" ">
    <subfield code="b">BENT</subfield>
    <subfield code="p">39015071844802</subfield>
    <subfield code="z">Parks and Recreation, Dept. of, Report proposing parkland acquisition policy and guidelines (2 versions): one is a summary report for public distribution</subfield>
  </datafield>
  <datafield tag="955" ind1=" " ind2=" ">
    <subfield code="b">BENT</subfield>
    <subfield code="p">39015071844810</subfield>
    <subfield code="z">Parks and Recreation, Dept. of, Annual report, 1961/62</subfield>
  </datafield>
  <datafield tag="955" ind1=" " ind2=" ">
    <subfield code="b">BENT</subfield>
    <subfield code="p">39015071844828</subfield>
    <subfield code="z">Personnel Human Rights Department, Happenings of by &amp; for city employees of Ann Arbor, Jan./Feb.1984</subfield>
  </datafield>
  <datafield tag="955" ind1=" " ind2=" ">
    <subfield code="b">BENT</subfield>
    <subfield code="p">39015071844836</subfield>
    <subfield code="z">Personnel Human Rights Department, Happenings of by &amp; for city employees of Ann Arbor, Mar./Apr.1984</subfield>
  </datafield>
  <datafield tag="955" ind1=" " ind2=" ">
    <subfield code="b">BENT</subfield>
    <subfield code="p">39015071844844</subfield>
    <subfield code="z">Personnel Human Rights Department, Happenings of by &amp; for city employees of Ann Arbor, Nov./Dec.1984</subfield>
  </datafield>
  <datafield tag="955" ind1=" " ind2=" ">
    <subfield code="b">BENT</subfield>
    <subfield code="p">39015071844851</subfield>
    <subfield code="z">Personnel Human Rights Department, Happenings of by &amp; for city employees of Ann Arbor, Mar./Apr.1985</subfield>
  </datafield>
  <datafield tag="955" ind1=" " ind2=" ">
    <subfield code="b">BENT</subfield>
    <subfield code="p">39015071844869</subfield>
    <subfield code="z">Police Department, Fiscal report, 1980/81</subfield>
  </datafield>
  <datafield tag="955" ind1=" " ind2=" ">
    <subfield code="b">BENT</subfield>
    <subfield code="p">39015071844877</subfield>
    <subfield code="z">Police Department, C.O.P. community oriented policing: become a part of the answer, [1992]</subfield>
  </datafield>
  <datafield tag="955" ind1=" " ind2=" ">
    <subfield code="b">BENT</subfield>
    <subfield code="p">39015071844885</subfield>
    <subfield code="z">Police Department, Annual report, 1982</subfield>
  </datafield>
  <datafield tag="955" ind1=" " ind2=" ">
    <subfield code="b">BENT</subfield>
    <subfield code="p">39015071844893</subfield>
    <subfield code="z">Police Department, Annual report, 1957</subfield>
  </datafield>
  <datafield tag="955" ind1=" " ind2=" ">
    <subfield code="b">BENT</subfield>
    <subfield code="p">39015071844901</subfield>
    <subfield code="z">Police Department, Annual report, 1986</subfield>
  </datafield>
  <datafield tag="955" ind1=" " ind2=" ">
    <subfield code="b">BENT</subfield>
    <subfield code="p">39015071844919</subfield>
    <subfield code="z">Police Department, Annual report, 1956</subfield>
  </datafield>
  <datafield tag="955" ind1=" " ind2=" ">
    <subfield code="b">BENT</subfield>
    <subfield code="p">39015071844935</subfield>
    <subfield code="z">Solid Waste, Department of, Disposing of commercial trash: 1990 survey of Ann Arbor commercial establishments, final report, 1990</subfield>
  </datafield>
  <datafield tag="955" ind1=" " ind2=" ">
    <subfield code="b">BENT</subfield>
    <subfield code="p">39015071844943</subfield>
    <subfield code="z">Transportation Division, Areawide topics plan for the Ann Arbor-Ypsilanti Urban area, 1972</subfield>
  </datafield>
  <datafield tag="955" ind1=" " ind2=" ">
    <subfield code="b">BENT</subfield>
    <subfield code="p">39015071844950</subfield>
    <subfield code="z">Transportation Division, Old West Side residential parking permit report, March 1993</subfield>
  </datafield>
  <datafield tag="955" ind1=" " ind2=" ">
    <subfield code="b">BENT</subfield>
    <subfield code="p">39015071844968</subfield>
    <subfield code="z">Miscellaneous, Comprehensive circulation study prospectus for the city of Ann Arbor, 1973</subfield>
  </datafield>
  <datafield tag="955" ind1=" " ind2=" ">
    <subfield code="b">BENT</subfield>
    <subfield code="p">39015071844976</subfield>
    <subfield code="z">Miscellaneous, Comprehensive housing affordability strategy, draft for comment, 1991</subfield>
  </datafield>
  <datafield tag="955" ind1=" " ind2=" ">
    <subfield code="b">BENT</subfield>
    <subfield code="p">39015071844984</subfield>
    <subfield code="z">Miscellaneous, Audit report, 1958</subfield>
  </datafield>
  <datafield tag="955" ind1=" " ind2=" ">
    <subfield code="b">BENT</subfield>
    <subfield code="p">39015071844992</subfield>
    <subfield code="z">Miscellaneous, Municipal civil defense and disaster control plan, [n.d.]</subfield>
  </datafield>
  <datafield tag="955" ind1=" " ind2=" ">
    <subfield code="b">BENT</subfield>
    <subfield code="p">39015071845007</subfield>
    <subfield code="z">Miscellaneous, Project and status report, 1969</subfield>
  </datafield>
  <datafield tag="955" ind1=" " ind2=" ">
    <subfield code="b">BENT</subfield>
    <subfield code="p">39015071845015</subfield>
    <subfield code="z">Police Department, Monthly report, Feb.1997</subfield>
  </datafield>
  <datafield tag="955" ind1=" " ind2=" ">
    <subfield code="b">BENT</subfield>
    <subfield code="p">39015071845023</subfield>
    <subfield code="z">Police Department, Monthly report, Mar.1997</subfield>
  </datafield>
  <datafield tag="955" ind1=" " ind2=" ">
    <subfield code="b">BENT</subfield>
    <subfield code="p">39015071845031</subfield>
    <subfield code="z">Police Department, Monthly report, May1997</subfield>
  </datafield>
  <datafield tag="955" ind1=" " ind2=" ">
    <subfield code="b">BENT</subfield>
    <subfield code="p">39015071845049</subfield>
    <subfield code="z">Police Department, Monthly report, Oct.1997</subfield>
  </datafield>
  <datafield tag="955" ind1=" " ind2=" ">
    <subfield code="b">BENT</subfield>
    <subfield code="p">39015071845056</subfield>
    <subfield code="z">Police Department, Monthly report, Nov.1997</subfield>
  </datafield>
  <datafield tag="955" ind1=" " ind2=" ">
    <subfield code="b">BENT</subfield>
    <subfield code="p">39015071845064</subfield>
    <subfield code="z">Police Department, Monthly report, Dec.1997</subfield>
  </datafield>
  <datafield tag="955" ind1=" " ind2=" ">
    <subfield code="b">BENT</subfield>
    <subfield code="p">39015071845072</subfield>
    <subfield code="z">Police Department, Monthly report, June 1998</subfield>
  </datafield>
  <datafield tag="955" ind1=" " ind2=" ">
    <subfield code="b">BENT</subfield>
    <subfield code="p">39015071845080</subfield>
    <subfield code="z">Police Department, Monthly report, June 1994</subfield>
  </datafield>
  <datafield tag="955" ind1=" " ind2=" ">
    <subfield code="b">BENT</subfield>
    <subfield code="p">39015071845098</subfield>
    <subfield code="z">Police Department, Monthly report, July 1994</subfield>
  </datafield>
  <datafield tag="955" ind1=" " ind2=" ">
    <subfield code="b">BENT</subfield>
    <subfield code="p">39015071845106</subfield>
    <subfield code="z">Police Department, Monthly report, Sept. 1994</subfield>
  </datafield>
  <datafield tag="955" ind1=" " ind2=" ">
    <subfield code="b">BENT</subfield>
    <subfield code="p">39015071845114</subfield>
    <subfield code="z">Police Department, Monthly report, Oct. 1994</subfield>
  </datafield>
  <datafield tag="955" ind1=" " ind2=" ">
    <subfield code="b">BENT</subfield>
    <subfield code="p">39015071845122</subfield>
    <subfield code="z">Police Department, Monthly report, Nov. 1994</subfield>
  </datafield>
  <datafield tag="955" ind1=" " ind2=" ">
    <subfield code="b">BENT</subfield>
    <subfield code="p">39015071845130</subfield>
    <subfield code="z">Police Department, Monthly report, Dec. 1994</subfield>
  </datafield>
  <datafield tag="955" ind1=" " ind2=" ">
    <subfield code="b">BENT</subfield>
    <subfield code="p">39015071845148</subfield>
    <subfield code="z">Police Department, Monthly report, Jan. 1995</subfield>
  </datafield>
  <datafield tag="955" ind1=" " ind2=" ">
    <subfield code="b">BENT</subfield>
    <subfield code="p">39015071845155</subfield>
    <subfield code="z">Police Department, Monthly report, Feb. 1995</subfield>
  </datafield>
  <datafield tag="955" ind1=" " ind2=" ">
    <subfield code="b">BENT</subfield>
    <subfield code="p">39015071845163</subfield>
    <subfield code="z">Police Department, Monthly report, Apr. 1995</subfield>
  </datafield>
  <datafield tag="955" ind1=" " ind2=" ">
    <subfield code="b">BENT</subfield>
    <subfield code="p">39015071845171</subfield>
    <subfield code="z">Police Department, Monthly report, May 1995</subfield>
  </datafield>
  <datafield tag="955" ind1=" " ind2=" ">
    <subfield code="b">BENT</subfield>
    <subfield code="p">39015071845189</subfield>
    <subfield code="z">Police Department, Monthly report, Aug. 1995</subfield>
  </datafield>
  <datafield tag="955" ind1=" " ind2=" ">
    <subfield code="b">BENT</subfield>
    <subfield code="p">39015071845197</subfield>
    <subfield code="z">Police Department, Monthly report, Sept. 1995</subfield>
  </datafield>
  <datafield tag="955" ind1=" " ind2=" ">
    <subfield code="b">BENT</subfield>
    <subfield code="p">39015071845205</subfield>
    <subfield code="z">Police Department, Monthly report, Oct. 1995</subfield>
  </datafield>
  <datafield tag="955" ind1=" " ind2=" ">
    <subfield code="b">BENT</subfield>
    <subfield code="p">39015071845213</subfield>
    <subfield code="z">Police Department, Monthly report, Nov. 1995</subfield>
  </datafield>
  <datafield tag="955" ind1=" " ind2=" ">
    <subfield code="b">BENT</subfield>
    <subfield code="p">39015071845221</subfield>
    <subfield code="z">Police Department, Monthly report, Dec. 1995</subfield>
  </datafield>
  <datafield tag="955" ind1=" " ind2=" ">
    <subfield code="b">BENT</subfield>
    <subfield code="p">39015071845239</subfield>
    <subfield code="z">Police Department, Monthly report, Jan.1996</subfield>
  </datafield>
  <datafield tag="955" ind1=" " ind2=" ">
    <subfield code="b">BENT</subfield>
    <subfield code="p">39015071845247</subfield>
    <subfield code="z">Police Department, Monthly report, Apr.1996</subfield>
  </datafield>
  <datafield tag="955" ind1=" " ind2=" ">
    <subfield code="b">BENT</subfield>
    <subfield code="p">39015071845254</subfield>
    <subfield code="z">Police Department, Monthly report, May 1996</subfield>
  </datafield>
  <datafield tag="955" ind1=" " ind2=" ">
    <subfield code="b">BENT</subfield>
    <subfield code="p">39015071845262</subfield>
    <subfield code="z">Police Department, Monthly report, Sept. 1996</subfield>
  </datafield>
  <controlfield tag="001">005023096</controlfield>
  <controlfield tag="005">20150521164623.0</controlfield>
  <controlfield tag="008">940609m19562001miu^^^^^^^^^^l000^0^eng^d</controlfield>
  <datafield tag="035" ind1=" " ind2=" ">
    <subfield code="a">(OCoLC)702905119</subfield>
  </datafield>
  <datafield tag="040" ind1=" " ind2=" ">
    <subfield code="a">MiU-H</subfield>
    <subfield code="c">MiU-H</subfield>
  </datafield>
  <datafield tag="110" ind1="1" ind2=" ">
    <subfield code="a">Ann Arbor (Mich.)</subfield>
  </datafield>
  <datafield tag="245" ind1="1" ind2="0">
    <subfield code="a">[Ann Arbor (Mich.) government publications].</subfield>
  </datafield>
  <datafield tag="260" ind1=" " ind2=" ">
    <subfield code="a">[Ann Arbor, Mich. :</subfield>
    <subfield code="b">The City,</subfield>
    <subfield code="c">1956-2001]</subfield>
  </datafield>
  <datafield tag="300" ind1=" " ind2=" ">
    <subfield code="a">3 linear ft.</subfield>
  </datafield>
  <datafield tag="500" ind1=" " ind2=" ">
    <subfield code="a">Scattered publications of various city offices.</subfield>
  </datafield>
  <datafield tag="555" ind1="0" ind2=" ">
    <subfield code="a">Finding aid in the library.</subfield>
  </datafield>
  <datafield tag="555" ind1="0" ind2=" ">
    <subfield code="a">Finding aid available via World Wide Web at URL: http://quod.lib.umich.edu/cgi/f/findaid/findaid-idx?c=bhlead&amp;idno=umich-bhl-0575</subfield>
  </datafield>
  <datafield tag="651" ind1=" " ind2="0">
    <subfield code="a">Ann Arbor (Mich.)</subfield>
    <subfield code="x">Politics and government.</subfield>
  </datafield>
  <datafield tag="710" ind1="1" ind2=" ">
    <subfield code="a">Ann Arbor (Mich.).</subfield>
    <subfield code="b">Anti-Substance Abuse Task Force.</subfield>
  </datafield>
  <datafield tag="710" ind1="1" ind2=" ">
    <subfield code="a">Ann Arbor (Mich.).</subfield>
    <subfield code="b">Central Area Development Task Force.</subfield>
  </datafield>
  <datafield tag="710" ind1="1" ind2=" ">
    <subfield code="a">Ann Arbor (Mich.).</subfield>
    <subfield code="b">Circulation Plan Special Committee.</subfield>
  </datafield>
  <datafield tag="710" ind1="1" ind2=" ">
    <subfield code="a">Ann Arbor (Mich.).</subfield>
    <subfield code="b">Citizen Advisory Committee.</subfield>
  </datafield>
  <datafield tag="710" ind1="1" ind2=" ">
    <subfield code="a">Ann Arbor (Mich.).</subfield>
    <subfield code="b">Citizen's Commission on Children and Youth.</subfield>
  </datafield>
  <datafield tag="710" ind1="1" ind2=" ">
    <subfield code="a">Ann Arbor (Mich.).</subfield>
    <subfield code="b">Citizens' Committee on Community Development.</subfield>
  </datafield>
  <datafield tag="710" ind1="1" ind2=" ">
    <subfield code="a">Ann Arbor (Mich.).</subfield>
    <subfield code="b">City Administrator's Office.</subfield>
  </datafield>
  <datafield tag="710" ind1="1" ind2=" ">
    <subfield code="a">Ann Arbor (Mich.).</subfield>
    <subfield code="b">Common Council.</subfield>
  </datafield>
  <datafield tag="710" ind1="1" ind2=" ">
    <subfield code="a">Ann Arbor (Mich.).</subfield>
    <subfield code="b">Community Development Dept.</subfield>
  </datafield>
  <datafield tag="710" ind1="1" ind2=" ">
    <subfield code="a">Ann Arbor (Mich.).</subfield>
    <subfield code="b">Community Planning and Management.</subfield>
  </datafield>
  <datafield tag="710" ind1="1" ind2=" ">
    <subfield code="a">Ann Arbor (Mich.).</subfield>
    <subfield code="b">Community Renewal Program.</subfield>
  </datafield>
  <datafield tag="710" ind1="1" ind2=" ">
    <subfield code="a">Ann Arbor (Mich.).</subfield>
    <subfield code="b">Department of Parks and Recreation.</subfield>
  </datafield>
  <datafield tag="710" ind1="2" ind2=" ">
    <subfield code="a">Ann Arbor Downtown Development Authority.</subfield>
  </datafield>
  <datafield tag="710" ind1="1" ind2=" ">
    <subfield code="a">Ann Arbor (Mich.).</subfield>
    <subfield code="b">Engineering Dept.</subfield>
  </datafield>
  <datafield tag="710" ind1="2" ind2=" ">
    <subfield code="a">Ann Arbor Historic District Commission (Mich.)</subfield>
  </datafield>
  <datafield tag="710" ind1="1" ind2=" ">
    <subfield code="a">Ann Arbor (Mich.).</subfield>
    <subfield code="b">Housing Commission.</subfield>
  </datafield>
  <datafield tag="710" ind1="1" ind2=" ">
    <subfield code="a">Ann Arbor (Mich.).</subfield>
    <subfield code="b">Human Relations Commission.</subfield>
  </datafield>
  <datafield tag="710" ind1="1" ind2=" ">
    <subfield code="a">Ann Arbor (Mich.).</subfield>
    <subfield code="b">Individual Historic Properties District Study Committee.</subfield>
  </datafield>
  <datafield tag="710" ind1="1" ind2=" ">
    <subfield code="a">Ann Arbor (Mich.).</subfield>
    <subfield code="b">Mayor's Blue Ribbon Committee on Fair Rental Practices.</subfield>
  </datafield>
  <datafield tag="710" ind1="1" ind2=" ">
    <subfield code="a">Ann Arbor (Mich.).</subfield>
    <subfield code="b">Model Cities Program.</subfield>
  </datafield>
  <datafield tag="710" ind1="1" ind2=" ">
    <subfield code="a">Ann Arbor (Mich.).</subfield>
    <subfield code="b">Office of the City Controller.</subfield>
  </datafield>
  <datafield tag="710" ind1="1" ind2=" ">
    <subfield code="a">Ann Arbor (Mich.).</subfield>
    <subfield code="b">Office of Community Services.</subfield>
  </datafield>
  <datafield tag="710" ind1="1" ind2=" ">
    <subfield code="a">Ann Arbor (Mich.).</subfield>
    <subfield code="b">Personnel/Human Rights Dept.</subfield>
  </datafield>
  <datafield tag="710" ind1="1" ind2=" ">
    <subfield code="a">Ann Arbor (Mich.).</subfield>
    <subfield code="b">Police Department.</subfield>
  </datafield>
  <datafield tag="710" ind1="1" ind2=" ">
    <subfield code="a">Ann Arbor (Mich.).</subfield>
    <subfield code="b">Solid Waste Dept.</subfield>
  </datafield>
  <datafield tag="856" ind1="4" ind2="2">
    <subfield code="3">Finding aid:</subfield>
    <subfield code="u">http://quod.lib.umich.edu/cgi/f/findaid/findaid-idx?c=bhlead&amp;idno=umich-bhl-0575</subfield>
  </datafield>
  <datafield tag="852" ind1="8" ind2=" ">
    <subfield code="a">MiU-H</subfield>
    <subfield code="b">BENT</subfield>
    <subfield code="h">0575 Cc 2 Box 1</subfield>
  </datafield>
  <datafield tag="852" ind1="8" ind2=" ">
    <subfield code="a">MiU-H</subfield>
    <subfield code="b">BENT</subfield>
    <subfield code="h">0575 Cc 2 Box 3</subfield>
  </datafield>
  <datafield tag="852" ind1="8" ind2=" ">
    <subfield code="a">MiU-H</subfield>
    <subfield code="b">BENT</subfield>
    <subfield code="h">0575 Cc 2 Box 2</subfield>
  </datafield>
  <datafield tag="997" ind1=" " ind2=" ">
    <subfield code="a">MARS</subfield>
  </datafield>
  <datafield tag="998" ind1=" " ind2=" ">
    <subfield code="c">PR</subfield>
  </datafield>
  <datafield tag="955" ind1=" " ind2=" ">
    <subfield code="b">BENT</subfield>
    <subfield code="p">39015071662691</subfield>
    <subfield code="z">City Administratorâs Office, Annual report, 1988/89</subfield>
  </datafield>
  <datafield tag="955" ind1=" " ind2=" ">
    <subfield code="b">BENT</subfield>
    <subfield code="p">39015071662717</subfield>
    <subfield code="z">Controllerâs Office, Comprehensive annual financial report city of Ann Arbor, county of Washtenaw, State of Michigan, fiscal year ended June 30, 1999</subfield>
  </datafield>
  <datafield tag="955" ind1=" " ind2=" ">
    <subfield code="b">BENT</subfield>
    <subfield code="p">39015071662725</subfield>
    <subfield code="z">Controllerâs Office, Comprehensive annual financial report city of Ann Arbor, county of Washtenaw, State of Michigan, fiscal year ended June 30, 1998</subfield>
  </datafield>
  <datafield tag="955" ind1=" " ind2=" ">
    <subfield code="b">BENT</subfield>
    <subfield code="p">39015071662733</subfield>
    <subfield code="z">Controllerâs Office, Comprehensive annual financial report city of Ann Arbor, county of Washtenaw, State of Michigan, fiscal year ended June 30, 1997</subfield>
  </datafield>
  <datafield tag="955" ind1=" " ind2=" ">
    <subfield code="b">BENT</subfield>
    <subfield code="p">39015071662741</subfield>
    <subfield code="z">Controllerâs Office, Comprehensive annual financial report city of Ann Arbor, county of Washtenaw, State of Michigan, fiscal year ended June 30, 1996</subfield>
  </datafield>
  <datafield tag="955" ind1=" " ind2=" ">
    <subfield code="b">BENT</subfield>
    <subfield code="p">39015071844067</subfield>
    <subfield code="z">Anti-Substance Abuse Task Force, Final report on city of Ann Arbor study on substance abuse, 1990</subfield>
  </datafield>
  <datafield tag="955" ind1=" " ind2=" ">
    <subfield code="b">BENT</subfield>
    <subfield code="p">39015071844075</subfield>
    <subfield code="z">Central Area Development Task Force (Central Area Plan Citizen Task Force), Ann Arborâs central area: a vision and agenda for the future, 1987</subfield>
  </datafield>
  <datafield tag="955" ind1=" " ind2=" ">
    <subfield code="b">BENT</subfield>
    <subfield code="p">39015071844083</subfield>
    <subfield code="z">Central Area Development Task Force (Central Area Plan Citizen Task Force), Central Area Plan bulletin, Oct.1991</subfield>
  </datafield>
  <datafield tag="955" ind1=" " ind2=" ">
    <subfield code="b">BENT</subfield>
    <subfield code="p">39015071844091</subfield>
    <subfield code="z">Circulation Plan Special Committee, Meeting notes, July 1, 1975-July 19, 1976</subfield>
  </datafield>
  <datafield tag="955" ind1=" " ind2=" ">
    <subfield code="b">BENT</subfield>
    <subfield code="p">39015071844109</subfield>
    <subfield code="z">Citizen Advisory Committee, Draft summary statement for Citizen Advisory Committee, 1975</subfield>
  </datafield>
  <datafield tag="955" ind1=" " ind2=" ">
    <subfield code="b">BENT</subfield>
    <subfield code="p">39015071844117</subfield>
    <subfield code="z">Citizensâ Commission on Children and Youth, Annual report, 1963/64</subfield>
  </datafield>
  <datafield tag="955" ind1=" " ind2=" ">
    <subfield code="b">BENT</subfield>
    <subfield code="p">39015071844125</subfield>
    <subfield code="z">Citizensâ Committee on Community Development, Table showing cross reference between Citizensâ Committee on Community Development program areas and activities and needs, long range objectives, and sh</subfield>
  </datafield>
  <datafield tag="955" ind1=" " ind2=" ">
    <subfield code="b">BENT</subfield>
    <subfield code="p">39015071844133</subfield>
    <subfield code="z">Citizensâ Committee on Community Development, Finalized listing of program and project area allocations, 1974</subfield>
  </datafield>
  <datafield tag="955" ind1=" " ind2=" ">
    <subfield code="b">BENT</subfield>
    <subfield code="p">39015071844141</subfield>
    <subfield code="z">City Administratorâs Office, Annual report, 1992/93</subfield>
  </datafield>
  <datafield tag="955" ind1=" " ind2=" ">
    <subfield code="b">BENT</subfield>
    <subfield code="p">39015071844158</subfield>
    <subfield code="z">City Administratorâs Office, Annual report, 1991/92</subfield>
  </datafield>
  <datafield tag="955" ind1=" " ind2=" ">
    <subfield code="b">BENT</subfield>
    <subfield code="p">39015071844166</subfield>
    <subfield code="z">City Administratorâs Office, Annual report, 1990/91</subfield>
  </datafield>
  <datafield tag="955" ind1=" " ind2=" ">
    <subfield code="b">BENT</subfield>
    <subfield code="p">39015071844174</subfield>
    <subfield code="z">City Administratorâs Office, Annual report, 1967/68</subfield>
  </datafield>
  <datafield tag="955" ind1=" " ind2=" ">
    <subfield code="b">BENT</subfield>
    <subfield code="p">39015071844182</subfield>
    <subfield code="z">City Administratorâs Office, Annual report, 1987/88</subfield>
  </datafield>
  <datafield tag="955" ind1=" " ind2=" ">
    <subfield code="b">BENT</subfield>
    <subfield code="p">39015071844190</subfield>
    <subfield code="z">City Administratorâs Office, Annual report, 1989/90</subfield>
  </datafield>
  <datafield tag="955" ind1=" " ind2=" ">
    <subfield code="b">BENT</subfield>
    <subfield code="p">39015071844208</subfield>
    <subfield code="z">City Administratorâs Office, Diversity â92 Diversity in the workplace: a report on affirmative action by the city of Ann Arbor, October 1992</subfield>
  </datafield>
  <datafield tag="955" ind1=" " ind2=" ">
    <subfield code="b">BENT</subfield>
    <subfield code="p">39015071844216</subfield>
    <subfield code="z">City Administratorâs Office, Directory of city services, 2001</subfield>
  </datafield>
  <datafield tag="955" ind1=" " ind2=" ">
    <subfield code="b">BENT</subfield>
    <subfield code="p">39015071844224</subfield>
    <subfield code="z">City Administratorâs Office, Directory of city services, 1997</subfield>
  </datafield>
  <datafield tag="955" ind1=" " ind2=" ">
    <subfield code="b">BENT</subfield>
    <subfield code="p">39015071844232</subfield>
    <subfield code="z">City Administratorâs Office, Directory of city services, 1995</subfield>
  </datafield>
  <datafield tag="955" ind1=" " ind2=" ">
    <subfield code="b">BENT</subfield>
    <subfield code="p">39015071844240</subfield>
    <subfield code="z">City Administratorâs Office, Directory of city services, 1992</subfield>
  </datafield>
  <datafield tag="955" ind1=" " ind2=" ">
    <subfield code="b">BENT</subfield>
    <subfield code="p">39015071844257</subfield>
    <subfield code="z">City Administratorâs Office, Directory of city services, 1991</subfield>
  </datafield>
  <datafield tag="955" ind1=" " ind2=" ">
    <subfield code="b">BENT</subfield>
    <subfield code="p">39015071844265</subfield>
    <subfield code="z">City Administratorâs Office, City of Ann Arbor income tax feasibility study, July 1993</subfield>
  </datafield>
  <datafield tag="955" ind1=" " ind2=" ">
    <subfield code="b">BENT</subfield>
    <subfield code="p">39015071844273</subfield>
    <subfield code="z">City Administratorâs Office, Budget, 1989/90, executive summary</subfield>
  </datafield>
  <datafield tag="955" ind1=" " ind2=" ">
    <subfield code="b">BENT</subfield>
    <subfield code="p">39015071844372</subfield>
    <subfield code="z">City Council, Rules of the Council including pertinent charter provisions, 1956</subfield>
  </datafield>
  <datafield tag="955" ind1=" " ind2=" ">
    <subfield code="b">BENT</subfield>
    <subfield code="p">39015071844380</subfield>
    <subfield code="z">Community Development, Office of, Community development newsletter, Feb.1977</subfield>
  </datafield>
  <datafield tag="955" ind1=" " ind2=" ">
    <subfield code="b">BENT</subfield>
    <subfield code="p">39015071844398</subfield>
    <subfield code="z">Community Development, Office of, Community development newsletter, Apr.1977</subfield>
  </datafield>
  <datafield tag="955" ind1=" " ind2=" ">
    <subfield code="b">BENT</subfield>
    <subfield code="p">39015071844406</subfield>
    <subfield code="z">Community Development, Office of, Community development newsletter, Jan.1978</subfield>
  </datafield>
  <datafield tag="955" ind1=" " ind2=" ">
    <subfield code="b">BENT</subfield>
    <subfield code="p">39015071844414</subfield>
    <subfield code="z">Community Development, Office of, Community development newsletter, Feb.1978</subfield>
  </datafield>
  <datafield tag="955" ind1=" " ind2=" ">
    <subfield code="b">BENT</subfield>
    <subfield code="p">39015071844422</subfield>
    <subfield code="z">Community Development, Office of, Community development newsletter, Apr.1978</subfield>
  </datafield>
  <datafield tag="955" ind1=" " ind2=" ">
    <subfield code="b">BENT</subfield>
    <subfield code="p">39015071844430</subfield>
    <subfield code="z">Community Development, Office of, Your housing rehabilitation program, March 1977</subfield>
  </datafield>
  <datafield tag="955" ind1=" " ind2=" ">
    <subfield code="b">BENT</subfield>
    <subfield code="p">39015071844448</subfield>
    <subfield code="z">Community Planning and Management, Ann Arbor bicycle path study, prepared by Haldon L. Smith. July 1972.</subfield>
  </datafield>
  <datafield tag="955" ind1=" " ind2=" ">
    <subfield code="b">BENT</subfield>
    <subfield code="p">39015071844455</subfield>
    <subfield code="z">Community Planning and Management, The Ann Arbor planning process: an organizational analysis. [ca. 1972?]</subfield>
  </datafield>
  <datafield tag="955" ind1=" " ind2=" ">
    <subfield code="b">BENT</subfield>
    <subfield code="p">39015071844463</subfield>
    <subfield code="z">Community Planning and Management, Housing stock data base applications. 1973</subfield>
  </datafield>
  <datafield tag="955" ind1=" " ind2=" ">
    <subfield code="b">BENT</subfield>
    <subfield code="p">39015071844471</subfield>
    <subfield code="z">Community Planning and Management, Downtown housing opportunity study: the feasibility of renovating upper story space, by H. Pamela Goodman. Jan. 1975.</subfield>
  </datafield>
  <datafield tag="955" ind1=" " ind2=" ">
    <subfield code="b">BENT</subfield>
    <subfield code="p">39015071844489</subfield>
    <subfield code="z">Community Planning and Management, Financing Ann Arbor's city government. Mar. 1974.</subfield>
  </datafield>
  <datafield tag="955" ind1=" " ind2=" ">
    <subfield code="b">BENT</subfield>
    <subfield code="p">39015071844497</subfield>
    <subfield code="z">Community Planning and Management, Financing Ann Arbor's city government. Sept. 1974.</subfield>
  </datafield>
  <datafield tag="955" ind1=" " ind2=" ">
    <subfield code="b">BENT</subfield>
    <subfield code="p">39015071844505</subfield>
    <subfield code="z">Community Planning and Management, Organization charts for the city of Ann Arbor, 1980</subfield>
  </datafield>
  <datafield tag="955" ind1=" " ind2=" ">
    <subfield code="b">BENT</subfield>
    <subfield code="p">39015071844513</subfield>
    <subfield code="z">Community Planning and Management, Organization charts for the city of Ann Arbor, 1975</subfield>
  </datafield>
  <datafield tag="955" ind1=" " ind2=" ">
    <subfield code="b">BENT</subfield>
    <subfield code="p">39015071844521</subfield>
    <subfield code="z">Community Planning and Management, The formulation of city-wide goals and objectives, 1976</subfield>
  </datafield>
  <datafield tag="955" ind1=" " ind2=" ">
    <subfield code="b">BENT</subfield>
    <subfield code="p">39015071844539</subfield>
    <subfield code="z">Community Planning and Management, Housing stock data base. [1972?] v.1</subfield>
  </datafield>
  <datafield tag="955" ind1=" " ind2=" ">
    <subfield code="b">BENT</subfield>
    <subfield code="p">39015071844547</subfield>
    <subfield code="z">Community Planning and Management, Housing stock data base. [1972?] v.2</subfield>
  </datafield>
  <datafield tag="955" ind1=" " ind2=" ">
    <subfield code="b">BENT</subfield>
    <subfield code="p">39015071844554</subfield>
    <subfield code="z">Community Planning and Management, Management planning and scheduling, 1973</subfield>
  </datafield>
  <datafield tag="955" ind1=" " ind2=" ">
    <subfield code="b">BENT</subfield>
    <subfield code="p">39015071844562</subfield>
    <subfield code="z">Community Planning and Management, Organization charts for the city of Ann Arbor, 1973</subfield>
  </datafield>
  <datafield tag="955" ind1=" " ind2=" ">
    <subfield code="b">BENT</subfield>
    <subfield code="p">39015071844570</subfield>
    <subfield code="z">Community Planning and Management, Municipal cost/revenue impact analysis for Pittsfield Valley Farms. Aug. 1976.</subfield>
  </datafield>
  <datafield tag="955" ind1=" " ind2=" ">
    <subfield code="b">BENT</subfield>
    <subfield code="p">39015071844588</subfield>
    <subfield code="z">Community Planning and Management, 1974 C.P.M. survey on citizen attitudes. Mar. 1975.</subfield>
  </datafield>
  <datafield tag="955" ind1=" " ind2=" ">
    <subfield code="b">BENT</subfield>
    <subfield code="p">39015071844596</subfield>
    <subfield code="z">Community Planning and Management, Preparing Ann Arbor's budget: fiscal 1974/1975. June 1974</subfield>
  </datafield>
  <datafield tag="955" ind1=" " ind2=" ">
    <subfield code="b">BENT</subfield>
    <subfield code="p">39015071844604</subfield>
    <subfield code="z">Community Renewal Program, Ann Arbor community renewal program, 1971</subfield>
  </datafield>
  <datafield tag="955" ind1=" " ind2=" ">
    <subfield code="b">BENT</subfield>
    <subfield code="p">39015071844612</subfield>
    <subfield code="z">Community Services, Office of, Report to the Superintendent of Schools and the Ann Arbor Board of Education: new and planned housing developments within the Ann Arbor School district, 1979</subfield>
  </datafield>
  <datafield tag="955" ind1=" " ind2=" ">
    <subfield code="b">BENT</subfield>
    <subfield code="p">39015071844620</subfield>
    <subfield code="z">Controllerâs Office, Comprehensive annual financial report city of Ann Arbor, county of Washtenaw, State of Michigan, fiscal year ended June 30, 1988</subfield>
  </datafield>
  <datafield tag="955" ind1=" " ind2=" ">
    <subfield code="b">BENT</subfield>
    <subfield code="p">39015071844638</subfield>
    <subfield code="z">Downtown Development Authority, Development plan and tax increment financing plan for the Ann Arbor downtown development district, Oct. 26, 1982</subfield>
  </datafield>
  <datafield tag="955" ind1=" " ind2=" ">
    <subfield code="b">BENT</subfield>
    <subfield code="p">39015071844646</subfield>
    <subfield code="z">Downtown Development Authority, Ann Arbor downtown plan, Ann Arbor, Michigan, July 1988</subfield>
  </datafield>
  <datafield tag="955" ind1=" " ind2=" ">
    <subfield code="b">BENT</subfield>
    <subfield code="p">39015071844653</subfield>
    <subfield code="z">Energy Advisory Board, Proposed energy work plan, 1982</subfield>
  </datafield>
  <datafield tag="955" ind1=" " ind2=" ">
    <subfield code="b">BENT</subfield>
    <subfield code="p">39015071844661</subfield>
    <subfield code="z">Engineering Department/Division, Proposed street improvements for Packard Road Carpenter to Shadford?, 1967</subfield>
  </datafield>
  <datafield tag="955" ind1=" " ind2=" ">
    <subfield code="b">BENT</subfield>
    <subfield code="p">39015071844679</subfield>
    <subfield code="z">Engineering Department/Division, Broadway/Wall TSM project proposal, 1981</subfield>
  </datafield>
  <datafield tag="955" ind1=" " ind2=" ">
    <subfield code="b">BENT</subfield>
    <subfield code="p">39015071844687</subfield>
    <subfield code="z">Historic District Commission, Historical data on the building at 1037 Jones Drive (formerly 1037 Mill Street)?Sept.22, 1972</subfield>
  </datafield>
  <datafield tag="955" ind1=" " ind2=" ">
    <subfield code="b">BENT</subfield>
    <subfield code="p">39015071844695</subfield>
    <subfield code="z">Housing Commission, Fifth report of the Citizensâ Committee on Tenant Relations, Feb.27, 1970</subfield>
  </datafield>
  <datafield tag="955" ind1=" " ind2=" ">
    <subfield code="b">BENT</subfield>
    <subfield code="p">39015071844703</subfield>
    <subfield code="z">Human Relations Commission, The population distribution of racial minorities in Ann Arbor, Michigan, 1950-1960</subfield>
  </datafield>
  <datafield tag="955" ind1=" " ind2=" ">
    <subfield code="b">BENT</subfield>
    <subfield code="p">39015071844711</subfield>
    <subfield code="z">Human Relations Commission, Program prospectus, 1968</subfield>
  </datafield>
  <datafield tag="955" ind1=" " ind2=" ">
    <subfield code="b">BENT</subfield>
    <subfield code="p">39015071844729</subfield>
    <subfield code="z">Individual Historic Properties District Study Committee, 500 North Main Street?The Kellogg-Warden House, final report, 1993</subfield>
  </datafield>
  <datafield tag="955" ind1=" " ind2=" ">
    <subfield code="b">BENT</subfield>
    <subfield code="p">39015071844737</subfield>
    <subfield code="z">Individual Historic Properties District Study Committee, Appendix A: Documentation of individual historic properties?, 1994</subfield>
  </datafield>
  <datafield tag="955" ind1=" " ind2=" ">
    <subfield code="b">BENT</subfield>
    <subfield code="p">39015071844745</subfield>
    <subfield code="z">Mayorâs Blue Ribbon Committee on Fair Rental Practices, [letter to Hon. Albert H. Wheeler, Mayor], 1977</subfield>
  </datafield>
  <datafield tag="955" ind1=" " ind2=" ">
    <subfield code="b">BENT</subfield>
    <subfield code="p">39015071844752</subfield>
    <subfield code="z">Model Cities Program, [Comprehensive first year action program], draft, 1970</subfield>
  </datafield>
  <datafield tag="955" ind1=" " ind2=" ">
    <subfield code="b">BENT</subfield>
    <subfield code="p">39015071844760</subfield>
    <subfield code="z">Model Cities Program, First year action plan, 1970</subfield>
  </datafield>
  <datafield tag="955" ind1=" " ind2=" ">
    <subfield code="b">BENT</subfield>
    <subfield code="p">39015071844778</subfield>
    <subfield code="z">Model Cities Program, Mid-planning statement, 1969</subfield>
  </datafield>
  <datafield tag="955" ind1=" " ind2=" ">
    <subfield code="b">BENT</subfield>
    <subfield code="p">39015071844786</subfield>
    <subfield code="z">Parks and Recreation, Dept. of, Report proposing parkland acquisition policy and guidelines (2 versions): one is a summary report for public distribution</subfield>
  </datafield>
  <datafield tag="955" ind1=" " ind2=" ">
    <subfield code="b">BENT</subfield>
    <subfield code="p">39015071844794</subfield>
    <subfield code="z">Parks and Recreation, Dept. of, Annual report, 1958/59</subfield>
  </datafield>
  <datafield tag="955" ind1=" " ind2=" ">
    <subfield code="b">BENT</subfield>
    <subfield code="p">39015071844802</subfield>
    <subfield code="z">Parks and Recreation, Dept. of, Report proposing parkland acquisition policy and guidelines (2 versions): one is a summary report for public distribution</subfield>
  </datafield>
  <datafield tag="955" ind1=" " ind2=" ">
    <subfield code="b">BENT</subfield>
    <subfield code="p">39015071844810</subfield>
    <subfield code="z">Parks and Recreation, Dept. of, Annual report, 1961/62</subfield>
  </datafield>
  <datafield tag="955" ind1=" " ind2=" ">
    <subfield code="b">BENT</subfield>
    <subfield code="p">39015071844828</subfield>
    <subfield code="z">Personnel Human Rights Department, Happenings of by &amp; for city employees of Ann Arbor, Jan./Feb.1984</subfield>
  </datafield>
  <datafield tag="955" ind1=" " ind2=" ">
    <subfield code="b">BENT</subfield>
    <subfield code="p">39015071844836</subfield>
    <subfield code="z">Personnel Human Rights Department, Happenings of by &amp; for city employees of Ann Arbor, Mar./Apr.1984</subfield>
  </datafield>
  <datafield tag="955" ind1=" " ind2=" ">
    <subfield code="b">BENT</subfield>
    <subfield code="p">39015071844844</subfield>
    <subfield code="z">Personnel Human Rights Department, Happenings of by &amp; for city employees of Ann Arbor, Nov./Dec.1984</subfield>
  </datafield>
  <datafield tag="955" ind1=" " ind2=" ">
    <subfield code="b">BENT</subfield>
    <subfield code="p">39015071844851</subfield>
    <subfield code="z">Personnel Human Rights Department, Happenings of by &amp; for city employees of Ann Arbor, Mar./Apr.1985</subfield>
  </datafield>
  <datafield tag="955" ind1=" " ind2=" ">
    <subfield code="b">BENT</subfield>
    <subfield code="p">39015071844869</subfield>
    <subfield code="z">Police Department, Fiscal report, 1980/81</subfield>
  </datafield>
  <datafield tag="955" ind1=" " ind2=" ">
    <subfield code="b">BENT</subfield>
    <subfield code="p">39015071844877</subfield>
    <subfield code="z">Police Department, C.O.P. community oriented policing: become a part of the answer, [1992]</subfield>
  </datafield>
  <datafield tag="955" ind1=" " ind2=" ">
    <subfield code="b">BENT</subfield>
    <subfield code="p">39015071844885</subfield>
    <subfield code="z">Police Department, Annual report, 1982</subfield>
  </datafield>
  <datafield tag="955" ind1=" " ind2=" ">
    <subfield code="b">BENT</subfield>
    <subfield code="p">39015071844893</subfield>
    <subfield code="z">Police Department, Annual report, 1957</subfield>
  </datafield>
  <datafield tag="955" ind1=" " ind2=" ">
    <subfield code="b">BENT</subfield>
    <subfield code="p">39015071844901</subfield>
    <subfield code="z">Police Department, Annual report, 1986</subfield>
  </datafield>
  <datafield tag="955" ind1=" " ind2=" ">
    <subfield code="b">BENT</subfield>
    <subfield code="p">39015071844919</subfield>
    <subfield code="z">Police Department, Annual report, 1956</subfield>
  </datafield>
  <datafield tag="955" ind1=" " ind2=" ">
    <subfield code="b">BENT</subfield>
    <subfield code="p">39015071844935</subfield>
    <subfield code="z">Solid Waste, Department of, Disposing of commercial trash: 1990 survey of Ann Arbor commercial establishments, final report, 1990</subfield>
  </datafield>
  <datafield tag="955" ind1=" " ind2=" ">
    <subfield code="b">BENT</subfield>
    <subfield code="p">39015071844943</subfield>
    <subfield code="z">Transportation Division, Areawide topics plan for the Ann Arbor-Ypsilanti Urban area, 1972</subfield>
  </datafield>
  <datafield tag="955" ind1=" " ind2=" ">
    <subfield code="b">BENT</subfield>
    <subfield code="p">39015071844950</subfield>
    <subfield code="z">Transportation Division, Old West Side residential parking permit report, March 1993</subfield>
  </datafield>
  <datafield tag="955" ind1=" " ind2=" ">
    <subfield code="b">BENT</subfield>
    <subfield code="p">39015071844968</subfield>
    <subfield code="z">Miscellaneous, Comprehensive circulation study prospectus for the city of Ann Arbor, 1973</subfield>
  </datafield>
  <datafield tag="955" ind1=" " ind2=" ">
    <subfield code="b">BENT</subfield>
    <subfield code="p">39015071844976</subfield>
    <subfield code="z">Miscellaneous, Comprehensive housing affordability strategy, draft for comment, 1991</subfield>
  </datafield>
  <datafield tag="955" ind1=" " ind2=" ">
    <subfield code="b">BENT</subfield>
    <subfield code="p">39015071844984</subfield>
    <subfield code="z">Miscellaneous, Audit report, 1958</subfield>
  </datafield>
  <datafield tag="955" ind1=" " ind2=" ">
    <subfield code="b">BENT</subfield>
    <subfield code="p">39015071844992</subfield>
    <subfield code="z">Miscellaneous, Municipal civil defense and disaster control plan, [n.d.]</subfield>
  </datafield>
  <datafield tag="955" ind1=" " ind2=" ">
    <subfield code="b">BENT</subfield>
    <subfield code="p">39015071845007</subfield>
    <subfield code="z">Miscellaneous, Project and status report, 1969</subfield>
  </datafield>
  <datafield tag="955" ind1=" " ind2=" ">
    <subfield code="b">BENT</subfield>
    <subfield code="p">39015071845015</subfield>
    <subfield code="z">Police Department, Monthly report, Feb.1997</subfield>
  </datafield>
  <datafield tag="955" ind1=" " ind2=" ">
    <subfield code="b">BENT</subfield>
    <subfield code="p">39015071845023</subfield>
    <subfield code="z">Police Department, Monthly report, Mar.1997</subfield>
  </datafield>
  <datafield tag="955" ind1=" " ind2=" ">
    <subfield code="b">BENT</subfield>
    <subfield code="p">39015071845031</subfield>
    <subfield code="z">Police Department, Monthly report, May1997</subfield>
  </datafield>
  <datafield tag="955" ind1=" " ind2=" ">
    <subfield code="b">BENT</subfield>
    <subfield code="p">39015071845049</subfield>
    <subfield code="z">Police Department, Monthly report, Oct.1997</subfield>
  </datafield>
  <datafield tag="955" ind1=" " ind2=" ">
    <subfield code="b">BENT</subfield>
    <subfield code="p">39015071845056</subfield>
    <subfield code="z">Police Department, Monthly report, Nov.1997</subfield>
  </datafield>
  <datafield tag="955" ind1=" " ind2=" ">
    <subfield code="b">BENT</subfield>
    <subfield code="p">39015071845064</subfield>
    <subfield code="z">Police Department, Monthly report, Dec.1997</subfield>
  </datafield>
  <datafield tag="955" ind1=" " ind2=" ">
    <subfield code="b">BENT</subfield>
    <subfield code="p">39015071845072</subfield>
    <subfield code="z">Police Department, Monthly report, June 1998</subfield>
  </datafield>
  <datafield tag="955" ind1=" " ind2=" ">
    <subfield code="b">BENT</subfield>
    <subfield code="p">39015071845080</subfield>
    <subfield code="z">Police Department, Monthly report, June 1994</subfield>
  </datafield>
  <datafield tag="955" ind1=" " ind2=" ">
    <subfield code="b">BENT</subfield>
    <subfield code="p">39015071845098</subfield>
    <subfield code="z">Police Department, Monthly report, July 1994</subfield>
  </datafield>
  <datafield tag="955" ind1=" " ind2=" ">
    <subfield code="b">BENT</subfield>
    <subfield code="p">39015071845106</subfield>
    <subfield code="z">Police Department, Monthly report, Sept. 1994</subfield>
  </datafield>
  <datafield tag="955" ind1=" " ind2=" ">
    <subfield code="b">BENT</subfield>
    <subfield code="p">39015071845114</subfield>
    <subfield code="z">Police Department, Monthly report, Oct. 1994</subfield>
  </datafield>
  <datafield tag="955" ind1=" " ind2=" ">
    <subfield code="b">BENT</subfield>
    <subfield code="p">39015071845122</subfield>
    <subfield code="z">Police Department, Monthly report, Nov. 1994</subfield>
  </datafield>
  <datafield tag="955" ind1=" " ind2=" ">
    <subfield code="b">BENT</subfield>
    <subfield code="p">39015071845130</subfield>
    <subfield code="z">Police Department, Monthly report, Dec. 1994</subfield>
  </datafield>
  <datafield tag="955" ind1=" " ind2=" ">
    <subfield code="b">BENT</subfield>
    <subfield code="p">39015071845148</subfield>
    <subfield code="z">Police Department, Monthly report, Jan. 1995</subfield>
  </datafield>
  <datafield tag="955" ind1=" " ind2=" ">
    <subfield code="b">BENT</subfield>
    <subfield code="p">39015071845155</subfield>
    <subfield code="z">Police Department, Monthly report, Feb. 1995</subfield>
  </datafield>
  <datafield tag="955" ind1=" " ind2=" ">
    <subfield code="b">BENT</subfield>
    <subfield code="p">39015071845163</subfield>
    <subfield code="z">Police Department, Monthly report, Apr. 1995</subfield>
  </datafield>
  <datafield tag="955" ind1=" " ind2=" ">
    <subfield code="b">BENT</subfield>
    <subfield code="p">39015071845171</subfield>
    <subfield code="z">Police Department, Monthly report, May 1995</subfield>
  </datafield>
  <datafield tag="955" ind1=" " ind2=" ">
    <subfield code="b">BENT</subfield>
    <subfield code="p">39015071845189</subfield>
    <subfield code="z">Police Department, Monthly report, Aug. 1995</subfield>
  </datafield>
  <datafield tag="955" ind1=" " ind2=" ">
    <subfield code="b">BENT</subfield>
    <subfield code="p">39015071845197</subfield>
    <subfield code="z">Police Department, Monthly report, Sept. 1995</subfield>
  </datafield>
  <datafield tag="955" ind1=" " ind2=" ">
    <subfield code="b">BENT</subfield>
    <subfield code="p">39015071845205</subfield>
    <subfield code="z">Police Department, Monthly report, Oct. 1995</subfield>
  </datafield>
  <datafield tag="955" ind1=" " ind2=" ">
    <subfield code="b">BENT</subfield>
    <subfield code="p">39015071845213</subfield>
    <subfield code="z">Police Department, Monthly report, Nov. 1995</subfield>
  </datafield>
  <datafield tag="955" ind1=" " ind2=" ">
    <subfield code="b">BENT</subfield>
    <subfield code="p">39015071845221</subfield>
    <subfield code="z">Police Department, Monthly report, Dec. 1995</subfield>
  </datafield>
  <datafield tag="955" ind1=" " ind2=" ">
    <subfield code="b">BENT</subfield>
    <subfield code="p">39015071845239</subfield>
    <subfield code="z">Police Department, Monthly report, Jan.1996</subfield>
  </datafield>
  <datafield tag="955" ind1=" " ind2=" ">
    <subfield code="b">BENT</subfield>
    <subfield code="p">39015071845247</subfield>
    <subfield code="z">Police Department, Monthly report, Apr.1996</subfield>
  </datafield>
  <datafield tag="955" ind1=" " ind2=" ">
    <subfield code="b">BENT</subfield>
    <subfield code="p">39015071845254</subfield>
    <subfield code="z">Police Department, Monthly report, May 1996</subfield>
  </datafield>
  <datafield tag="955" ind1=" " ind2=" ">
    <subfield code="b">BENT</subfield>
    <subfield code="p">39015071845262</subfield>
    <subfield code="z">Police Department, Monthly report, Sept. 1996</subfield>
  </datafield>
  <controlfield tag="001">005023096</controlfield>
  <controlfield tag="005">20150521164623.0</controlfield>
  <controlfield tag="008">940609m19562001miu^^^^^^^^^^l000^0^eng^d</controlfield>
  <datafield tag="035" ind1=" " ind2=" ">
    <subfield code="a">(OCoLC)702905119</subfield>
  </datafield>
  <datafield tag="040" ind1=" " ind2=" ">
    <subfield code="a">MiU-H</subfield>
    <subfield code="c">MiU-H</subfield>
  </datafield>
  <datafield tag="110" ind1="1" ind2=" ">
    <subfield code="a">Ann Arbor (Mich.)</subfield>
  </datafield>
  <datafield tag="245" ind1="1" ind2="0">
    <subfield code="a">[Ann Arbor (Mich.) government publications].</subfield>
  </datafield>
  <datafield tag="260" ind1=" " ind2=" ">
    <subfield code="a">[Ann Arbor, Mich. :</subfield>
    <subfield code="b">The City,</subfield>
    <subfield code="c">1956-2001]</subfield>
  </datafield>
  <datafield tag="300" ind1=" " ind2=" ">
    <subfield code="a">3 linear ft.</subfield>
  </datafield>
  <datafield tag="500" ind1=" " ind2=" ">
    <subfield code="a">Scattered publications of various city offices.</subfield>
  </datafield>
  <datafield tag="555" ind1="0" ind2=" ">
    <subfield code="a">Finding aid in the library.</subfield>
  </datafield>
  <datafield tag="555" ind1="0" ind2=" ">
    <subfield code="a">Finding aid available via World Wide Web at URL: http://quod.lib.umich.edu/cgi/f/findaid/findaid-idx?c=bhlead&amp;idno=umich-bhl-0575</subfield>
  </datafield>
  <datafield tag="651" ind1=" " ind2="0">
    <subfield code="a">Ann Arbor (Mich.)</subfield>
    <subfield code="x">Politics and government.</subfield>
  </datafield>
  <datafield tag="710" ind1="1" ind2=" ">
    <subfield code="a">Ann Arbor (Mich.).</subfield>
    <subfield code="b">Anti-Substance Abuse Task Force.</subfield>
  </datafield>
  <datafield tag="710" ind1="1" ind2=" ">
    <subfield code="a">Ann Arbor (Mich.).</subfield>
    <subfield code="b">Central Area Development Task Force.</subfield>
  </datafield>
  <datafield tag="710" ind1="1" ind2=" ">
    <subfield code="a">Ann Arbor (Mich.).</subfield>
    <subfield code="b">Circulation Plan Special Committee.</subfield>
  </datafield>
  <datafield tag="710" ind1="1" ind2=" ">
    <subfield code="a">Ann Arbor (Mich.).</subfield>
    <subfield code="b">Citizen Advisory Committee.</subfield>
  </datafield>
  <datafield tag="710" ind1="1" ind2=" ">
    <subfield code="a">Ann Arbor (Mich.).</subfield>
    <subfield code="b">Citizen's Commission on Children and Youth.</subfield>
  </datafield>
  <datafield tag="710" ind1="1" ind2=" ">
    <subfield code="a">Ann Arbor (Mich.).</subfield>
    <subfield code="b">Citizens' Committee on Community Development.</subfield>
  </datafield>
  <datafield tag="710" ind1="1" ind2=" ">
    <subfield code="a">Ann Arbor (Mich.).</subfield>
    <subfield code="b">City Administrator's Office.</subfield>
  </datafield>
  <datafield tag="710" ind1="1" ind2=" ">
    <subfield code="a">Ann Arbor (Mich.).</subfield>
    <subfield code="b">Common Council.</subfield>
  </datafield>
  <datafield tag="710" ind1="1" ind2=" ">
    <subfield code="a">Ann Arbor (Mich.).</subfield>
    <subfield code="b">Community Development Dept.</subfield>
  </datafield>
  <datafield tag="710" ind1="1" ind2=" ">
    <subfield code="a">Ann Arbor (Mich.).</subfield>
    <subfield code="b">Community Planning and Management.</subfield>
  </datafield>
  <datafield tag="710" ind1="1" ind2=" ">
    <subfield code="a">Ann Arbor (Mich.).</subfield>
    <subfield code="b">Community Renewal Program.</subfield>
  </datafield>
  <datafield tag="710" ind1="1" ind2=" ">
    <subfield code="a">Ann Arbor (Mich.).</subfield>
    <subfield code="b">Department of Parks and Recreation.</subfield>
  </datafield>
  <datafield tag="710" ind1="2" ind2=" ">
    <subfield code="a">Ann Arbor Downtown Development Authority.</subfield>
  </datafield>
  <datafield tag="710" ind1="1" ind2=" ">
    <subfield code="a">Ann Arbor (Mich.).</subfield>
    <subfield code="b">Engineering Dept.</subfield>
  </datafield>
  <datafield tag="710" ind1="2" ind2=" ">
    <subfield code="a">Ann Arbor Historic District Commission (Mich.)</subfield>
  </datafield>
  <datafield tag="710" ind1="1" ind2=" ">
    <subfield code="a">Ann Arbor (Mich.).</subfield>
    <subfield code="b">Housing Commission.</subfield>
  </datafield>
  <datafield tag="710" ind1="1" ind2=" ">
    <subfield code="a">Ann Arbor (Mich.).</subfield>
    <subfield code="b">Human Relations Commission.</subfield>
  </datafield>
  <datafield tag="710" ind1="1" ind2=" ">
    <subfield code="a">Ann Arbor (Mich.).</subfield>
    <subfield code="b">Individual Historic Properties District Study Committee.</subfield>
  </datafield>
  <datafield tag="710" ind1="1" ind2=" ">
    <subfield code="a">Ann Arbor (Mich.).</subfield>
    <subfield code="b">Mayor's Blue Ribbon Committee on Fair Rental Practices.</subfield>
  </datafield>
  <datafield tag="710" ind1="1" ind2=" ">
    <subfield code="a">Ann Arbor (Mich.).</subfield>
    <subfield code="b">Model Cities Program.</subfield>
  </datafield>
  <datafield tag="710" ind1="1" ind2=" ">
    <subfield code="a">Ann Arbor (Mich.).</subfield>
    <subfield code="b">Office of the City Controller.</subfield>
  </datafield>
  <datafield tag="710" ind1="1" ind2=" ">
    <subfield code="a">Ann Arbor (Mich.).</subfield>
    <subfield code="b">Office of Community Services.</subfield>
  </datafield>
  <datafield tag="710" ind1="1" ind2=" ">
    <subfield code="a">Ann Arbor (Mich.).</subfield>
    <subfield code="b">Personnel/Human Rights Dept.</subfield>
  </datafield>
  <datafield tag="710" ind1="1" ind2=" ">
    <subfield code="a">Ann Arbor (Mich.).</subfield>
    <subfield code="b">Police Department.</subfield>
  </datafield>
  <datafield tag="710" ind1="1" ind2=" ">
    <subfield code="a">Ann Arbor (Mich.).</subfield>
    <subfield code="b">Solid Waste Dept.</subfield>
  </datafield>
  <datafield tag="856" ind1="4" ind2="2">
    <subfield code="3">Finding aid:</subfield>
    <subfield code="u">http://quod.lib.umich.edu/cgi/f/findaid/findaid-idx?c=bhlead&amp;idno=umich-bhl-0575</subfield>
  </datafield>
  <datafield tag="852" ind1="8" ind2=" ">
    <subfield code="a">MiU-H</subfield>
    <subfield code="b">BENT</subfield>
    <subfield code="h">0575 Cc 2 Box 1</subfield>
  </datafield>
  <datafield tag="852" ind1="8" ind2=" ">
    <subfield code="a">MiU-H</subfield>
    <subfield code="b">BENT</subfield>
    <subfield code="h">0575 Cc 2 Box 3</subfield>
  </datafield>
  <datafield tag="852" ind1="8" ind2=" ">
    <subfield code="a">MiU-H</subfield>
    <subfield code="b">BENT</subfield>
    <subfield code="h">0575 Cc 2 Box 2</subfield>
  </datafield>
  <datafield tag="997" ind1=" " ind2=" ">
    <subfield code="a">MARS</subfield>
  </datafield>
  <datafield tag="998" ind1=" " ind2=" ">
    <subfield code="c">PR</subfield>
  </datafield>
  <datafield tag="955" ind1=" " ind2=" ">
    <subfield code="b">BENT</subfield>
    <subfield code="p">39015071662691</subfield>
    <subfield code="z">City Administratorâs Office, Annual report, 1988/89</subfield>
  </datafield>
  <datafield tag="955" ind1=" " ind2=" ">
    <subfield code="b">BENT</subfield>
    <subfield code="p">39015071662717</subfield>
    <subfield code="z">Controllerâs Office, Comprehensive annual financial report city of Ann Arbor, county of Washtenaw, State of Michigan, fiscal year ended June 30, 1999</subfield>
  </datafield>
  <datafield tag="955" ind1=" " ind2=" ">
    <subfield code="b">BENT</subfield>
    <subfield code="p">39015071662725</subfield>
    <subfield code="z">Controllerâs Office, Comprehensive annual financial report city of Ann Arbor, county of Washtenaw, State of Michigan, fiscal year ended June 30, 1998</subfield>
  </datafield>
  <datafield tag="955" ind1=" " ind2=" ">
    <subfield code="b">BENT</subfield>
    <subfield code="p">39015071662733</subfield>
    <subfield code="z">Controllerâs Office, Comprehensive annual financial report city of Ann Arbor, county of Washtenaw, State of Michigan, fiscal year ended June 30, 1997</subfield>
  </datafield>
  <datafield tag="955" ind1=" " ind2=" ">
    <subfield code="b">BENT</subfield>
    <subfield code="p">39015071662741</subfield>
    <subfield code="z">Controllerâs Office, Comprehensive annual financial report city of Ann Arbor, county of Washtenaw, State of Michigan, fiscal year ended June 30, 1996</subfield>
  </datafield>
  <datafield tag="955" ind1=" " ind2=" ">
    <subfield code="b">BENT</subfield>
    <subfield code="p">39015071844067</subfield>
    <subfield code="z">Anti-Substance Abuse Task Force, Final report on city of Ann Arbor study on substance abuse, 1990</subfield>
  </datafield>
  <datafield tag="955" ind1=" " ind2=" ">
    <subfield code="b">BENT</subfield>
    <subfield code="p">39015071844075</subfield>
    <subfield code="z">Central Area Development Task Force (Central Area Plan Citizen Task Force), Ann Arborâs central area: a vision and agenda for the future, 1987</subfield>
  </datafield>
  <datafield tag="955" ind1=" " ind2=" ">
    <subfield code="b">BENT</subfield>
    <subfield code="p">39015071844083</subfield>
    <subfield code="z">Central Area Development Task Force (Central Area Plan Citizen Task Force), Central Area Plan bulletin, Oct.1991</subfield>
  </datafield>
  <datafield tag="955" ind1=" " ind2=" ">
    <subfield code="b">BENT</subfield>
    <subfield code="p">39015071844091</subfield>
    <subfield code="z">Circulation Plan Special Committee, Meeting notes, July 1, 1975-July 19, 1976</subfield>
  </datafield>
  <datafield tag="955" ind1=" " ind2=" ">
    <subfield code="b">BENT</subfield>
    <subfield code="p">39015071844109</subfield>
    <subfield code="z">Citizen Advisory Committee, Draft summary statement for Citizen Advisory Committee, 1975</subfield>
  </datafield>
  <datafield tag="955" ind1=" " ind2=" ">
    <subfield code="b">BENT</subfield>
    <subfield code="p">39015071844117</subfield>
    <subfield code="z">Citizensâ Commission on Children and Youth, Annual report, 1963/64</subfield>
  </datafield>
  <datafield tag="955" ind1=" " ind2=" ">
    <subfield code="b">BENT</subfield>
    <subfield code="p">39015071844125</subfield>
    <subfield code="z">Citizensâ Committee on Community Development, Table showing cross reference between Citizensâ Committee on Community Development program areas and activities and needs, long range objectives, and sh</subfield>
  </datafield>
  <datafield tag="955" ind1=" " ind2=" ">
    <subfield code="b">BENT</subfield>
    <subfield code="p">39015071844133</subfield>
    <subfield code="z">Citizensâ Committee on Community Development, Finalized listing of program and project area allocations, 1974</subfield>
  </datafield>
  <datafield tag="955" ind1=" " ind2=" ">
    <subfield code="b">BENT</subfield>
    <subfield code="p">39015071844141</subfield>
    <subfield code="z">City Administratorâs Office, Annual report, 1992/93</subfield>
  </datafield>
  <datafield tag="955" ind1=" " ind2=" ">
    <subfield code="b">BENT</subfield>
    <subfield code="p">39015071844158</subfield>
    <subfield code="z">City Administratorâs Office, Annual report, 1991/92</subfield>
  </datafield>
  <datafield tag="955" ind1=" " ind2=" ">
    <subfield code="b">BENT</subfield>
    <subfield code="p">39015071844166</subfield>
    <subfield code="z">City Administratorâs Office, Annual report, 1990/91</subfield>
  </datafield>
  <datafield tag="955" ind1=" " ind2=" ">
    <subfield code="b">BENT</subfield>
    <subfield code="p">39015071844174</subfield>
    <subfield code="z">City Administratorâs Office, Annual report, 1967/68</subfield>
  </datafield>
  <datafield tag="955" ind1=" " ind2=" ">
    <subfield code="b">BENT</subfield>
    <subfield code="p">39015071844182</subfield>
    <subfield code="z">City Administratorâs Office, Annual report, 1987/88</subfield>
  </datafield>
  <datafield tag="955" ind1=" " ind2=" ">
    <subfield code="b">BENT</subfield>
    <subfield code="p">39015071844190</subfield>
    <subfield code="z">City Administratorâs Office, Annual report, 1989/90</subfield>
  </datafield>
  <datafield tag="955" ind1=" " ind2=" ">
    <subfield code="b">BENT</subfield>
    <subfield code="p">39015071844208</subfield>
    <subfield code="z">City Administratorâs Office, Diversity â92 Diversity in the workplace: a report on affirmative action by the city of Ann Arbor, October 1992</subfield>
  </datafield>
  <datafield tag="955" ind1=" " ind2=" ">
    <subfield code="b">BENT</subfield>
    <subfield code="p">39015071844216</subfield>
    <subfield code="z">City Administratorâs Office, Directory of city services, 2001</subfield>
  </datafield>
  <datafield tag="955" ind1=" " ind2=" ">
    <subfield code="b">BENT</subfield>
    <subfield code="p">39015071844224</subfield>
    <subfield code="z">City Administratorâs Office, Directory of city services, 1997</subfield>
  </datafield>
  <datafield tag="955" ind1=" " ind2=" ">
    <subfield code="b">BENT</subfield>
    <subfield code="p">39015071844232</subfield>
    <subfield code="z">City Administratorâs Office, Directory of city services, 1995</subfield>
  </datafield>
  <datafield tag="955" ind1=" " ind2=" ">
    <subfield code="b">BENT</subfield>
    <subfield code="p">39015071844240</subfield>
    <subfield code="z">City Administratorâs Office, Directory of city services, 1992</subfield>
  </datafield>
  <datafield tag="955" ind1=" " ind2=" ">
    <subfield code="b">BENT</subfield>
    <subfield code="p">39015071844257</subfield>
    <subfield code="z">City Administratorâs Office, Directory of city services, 1991</subfield>
  </datafield>
  <datafield tag="955" ind1=" " ind2=" ">
    <subfield code="b">BENT</subfield>
    <subfield code="p">39015071844265</subfield>
    <subfield code="z">City Administratorâs Office, City of Ann Arbor income tax feasibility study, July 1993</subfield>
  </datafield>
  <datafield tag="955" ind1=" " ind2=" ">
    <subfield code="b">BENT</subfield>
    <subfield code="p">39015071844273</subfield>
    <subfield code="z">City Administratorâs Office, Budget, 1989/90, executive summary</subfield>
  </datafield>
  <datafield tag="955" ind1=" " ind2=" ">
    <subfield code="b">BENT</subfield>
    <subfield code="p">39015071844372</subfield>
    <subfield code="z">City Council, Rules of the Council including pertinent charter provisions, 1956</subfield>
  </datafield>
  <datafield tag="955" ind1=" " ind2=" ">
    <subfield code="b">BENT</subfield>
    <subfield code="p">39015071844380</subfield>
    <subfield code="z">Community Development, Office of, Community development newsletter, Feb.1977</subfield>
  </datafield>
  <datafield tag="955" ind1=" " ind2=" ">
    <subfield code="b">BENT</subfield>
    <subfield code="p">39015071844398</subfield>
    <subfield code="z">Community Development, Office of, Community development newsletter, Apr.1977</subfield>
  </datafield>
  <datafield tag="955" ind1=" " ind2=" ">
    <subfield code="b">BENT</subfield>
    <subfield code="p">39015071844406</subfield>
    <subfield code="z">Community Development, Office of, Community development newsletter, Jan.1978</subfield>
  </datafield>
  <datafield tag="955" ind1=" " ind2=" ">
    <subfield code="b">BENT</subfield>
    <subfield code="p">39015071844414</subfield>
    <subfield code="z">Community Development, Office of, Community development newsletter, Feb.1978</subfield>
  </datafield>
  <datafield tag="955" ind1=" " ind2=" ">
    <subfield code="b">BENT</subfield>
    <subfield code="p">39015071844422</subfield>
    <subfield code="z">Community Development, Office of, Community development newsletter, Apr.1978</subfield>
  </datafield>
  <datafield tag="955" ind1=" " ind2=" ">
    <subfield code="b">BENT</subfield>
    <subfield code="p">39015071844430</subfield>
    <subfield code="z">Community Development, Office of, Your housing rehabilitation program, March 1977</subfield>
  </datafield>
  <datafield tag="955" ind1=" " ind2=" ">
    <subfield code="b">BENT</subfield>
    <subfield code="p">39015071844448</subfield>
    <subfield code="z">Community Planning and Management, Ann Arbor bicycle path study, prepared by Haldon L. Smith. July 1972.</subfield>
  </datafield>
  <datafield tag="955" ind1=" " ind2=" ">
    <subfield code="b">BENT</subfield>
    <subfield code="p">39015071844455</subfield>
    <subfield code="z">Community Planning and Management, The Ann Arbor planning process: an organizational analysis. [ca. 1972?]</subfield>
  </datafield>
  <datafield tag="955" ind1=" " ind2=" ">
    <subfield code="b">BENT</subfield>
    <subfield code="p">39015071844463</subfield>
    <subfield code="z">Community Planning and Management, Housing stock data base applications. 1973</subfield>
  </datafield>
  <datafield tag="955" ind1=" " ind2=" ">
    <subfield code="b">BENT</subfield>
    <subfield code="p">39015071844471</subfield>
    <subfield code="z">Community Planning and Management, Downtown housing opportunity study: the feasibility of renovating upper story space, by H. Pamela Goodman. Jan. 1975.</subfield>
  </datafield>
  <datafield tag="955" ind1=" " ind2=" ">
    <subfield code="b">BENT</subfield>
    <subfield code="p">39015071844489</subfield>
    <subfield code="z">Community Planning and Management, Financing Ann Arbor's city government. Mar. 1974.</subfield>
  </datafield>
  <datafield tag="955" ind1=" " ind2=" ">
    <subfield code="b">BENT</subfield>
    <subfield code="p">39015071844497</subfield>
    <subfield code="z">Community Planning and Management, Financing Ann Arbor's city government. Sept. 1974.</subfield>
  </datafield>
  <datafield tag="955" ind1=" " ind2=" ">
    <subfield code="b">BENT</subfield>
    <subfield code="p">39015071844505</subfield>
    <subfield code="z">Community Planning and Management, Organization charts for the city of Ann Arbor, 1980</subfield>
  </datafield>
  <datafield tag="955" ind1=" " ind2=" ">
    <subfield code="b">BENT</subfield>
    <subfield code="p">39015071844513</subfield>
    <subfield code="z">Community Planning and Management, Organization charts for the city of Ann Arbor, 1975</subfield>
  </datafield>
  <datafield tag="955" ind1=" " ind2=" ">
    <subfield code="b">BENT</subfield>
    <subfield code="p">39015071844521</subfield>
    <subfield code="z">Community Planning and Management, The formulation of city-wide goals and objectives, 1976</subfield>
  </datafield>
  <datafield tag="955" ind1=" " ind2=" ">
    <subfield code="b">BENT</subfield>
    <subfield code="p">39015071844539</subfield>
    <subfield code="z">Community Planning and Management, Housing stock data base. [1972?] v.1</subfield>
  </datafield>
  <datafield tag="955" ind1=" " ind2=" ">
    <subfield code="b">BENT</subfield>
    <subfield code="p">39015071844547</subfield>
    <subfield code="z">Community Planning and Management, Housing stock data base. [1972?] v.2</subfield>
  </datafield>
  <datafield tag="955" ind1=" " ind2=" ">
    <subfield code="b">BENT</subfield>
    <subfield code="p">39015071844554</subfield>
    <subfield code="z">Community Planning and Management, Management planning and scheduling, 1973</subfield>
  </datafield>
  <datafield tag="955" ind1=" " ind2=" ">
    <subfield code="b">BENT</subfield>
    <subfield code="p">39015071844562</subfield>
    <subfield code="z">Community Planning and Management, Organization charts for the city of Ann Arbor, 1973</subfield>
  </datafield>
  <datafield tag="955" ind1=" " ind2=" ">
    <subfield code="b">BENT</subfield>
    <subfield code="p">39015071844570</subfield>
    <subfield code="z">Community Planning and Management, Municipal cost/revenue impact analysis for Pittsfield Valley Farms. Aug. 1976.</subfield>
  </datafield>
  <datafield tag="955" ind1=" " ind2=" ">
    <subfield code="b">BENT</subfield>
    <subfield code="p">39015071844588</subfield>
    <subfield code="z">Community Planning and Management, 1974 C.P.M. survey on citizen attitudes. Mar. 1975.</subfield>
  </datafield>
  <datafield tag="955" ind1=" " ind2=" ">
    <subfield code="b">BENT</subfield>
    <subfield code="p">39015071844596</subfield>
    <subfield code="z">Community Planning and Management, Preparing Ann Arbor's budget: fiscal 1974/1975. June 1974</subfield>
  </datafield>
  <datafield tag="955" ind1=" " ind2=" ">
    <subfield code="b">BENT</subfield>
    <subfield code="p">39015071844604</subfield>
    <subfield code="z">Community Renewal Program, Ann Arbor community renewal program, 1971</subfield>
  </datafield>
  <datafield tag="955" ind1=" " ind2=" ">
    <subfield code="b">BENT</subfield>
    <subfield code="p">39015071844612</subfield>
    <subfield code="z">Community Services, Office of, Report to the Superintendent of Schools and the Ann Arbor Board of Education: new and planned housing developments within the Ann Arbor School district, 1979</subfield>
  </datafield>
  <datafield tag="955" ind1=" " ind2=" ">
    <subfield code="b">BENT</subfield>
    <subfield code="p">39015071844620</subfield>
    <subfield code="z">Controllerâs Office, Comprehensive annual financial report city of Ann Arbor, county of Washtenaw, State of Michigan, fiscal year ended June 30, 1988</subfield>
  </datafield>
  <datafield tag="955" ind1=" " ind2=" ">
    <subfield code="b">BENT</subfield>
    <subfield code="p">39015071844638</subfield>
    <subfield code="z">Downtown Development Authority, Development plan and tax increment financing plan for the Ann Arbor downtown development district, Oct. 26, 1982</subfield>
  </datafield>
  <datafield tag="955" ind1=" " ind2=" ">
    <subfield code="b">BENT</subfield>
    <subfield code="p">39015071844646</subfield>
    <subfield code="z">Downtown Development Authority, Ann Arbor downtown plan, Ann Arbor, Michigan, July 1988</subfield>
  </datafield>
  <datafield tag="955" ind1=" " ind2=" ">
    <subfield code="b">BENT</subfield>
    <subfield code="p">39015071844653</subfield>
    <subfield code="z">Energy Advisory Board, Proposed energy work plan, 1982</subfield>
  </datafield>
  <datafield tag="955" ind1=" " ind2=" ">
    <subfield code="b">BENT</subfield>
    <subfield code="p">39015071844661</subfield>
    <subfield code="z">Engineering Department/Division, Proposed street improvements for Packard Road Carpenter to Shadford?, 1967</subfield>
  </datafield>
  <datafield tag="955" ind1=" " ind2=" ">
    <subfield code="b">BENT</subfield>
    <subfield code="p">39015071844679</subfield>
    <subfield code="z">Engineering Department/Division, Broadway/Wall TSM project proposal, 1981</subfield>
  </datafield>
  <datafield tag="955" ind1=" " ind2=" ">
    <subfield code="b">BENT</subfield>
    <subfield code="p">39015071844687</subfield>
    <subfield code="z">Historic District Commission, Historical data on the building at 1037 Jones Drive (formerly 1037 Mill Street)?Sept.22, 1972</subfield>
  </datafield>
  <datafield tag="955" ind1=" " ind2=" ">
    <subfield code="b">BENT</subfield>
    <subfield code="p">39015071844695</subfield>
    <subfield code="z">Housing Commission, Fifth report of the Citizensâ Committee on Tenant Relations, Feb.27, 1970</subfield>
  </datafield>
  <datafield tag="955" ind1=" " ind2=" ">
    <subfield code="b">BENT</subfield>
    <subfield code="p">39015071844703</subfield>
    <subfield code="z">Human Relations Commission, The population distribution of racial minorities in Ann Arbor, Michigan, 1950-1960</subfield>
  </datafield>
  <datafield tag="955" ind1=" " ind2=" ">
    <subfield code="b">BENT</subfield>
    <subfield code="p">39015071844711</subfield>
    <subfield code="z">Human Relations Commission, Program prospectus, 1968</subfield>
  </datafield>
  <datafield tag="955" ind1=" " ind2=" ">
    <subfield code="b">BENT</subfield>
    <subfield code="p">39015071844729</subfield>
    <subfield code="z">Individual Historic Properties District Study Committee, 500 North Main Street?The Kellogg-Warden House, final report, 1993</subfield>
  </datafield>
  <datafield tag="955" ind1=" " ind2=" ">
    <subfield code="b">BENT</subfield>
    <subfield code="p">39015071844737</subfield>
    <subfield code="z">Individual Historic Properties District Study Committee, Appendix A: Documentation of individual historic properties?, 1994</subfield>
  </datafield>
  <datafield tag="955" ind1=" " ind2=" ">
    <subfield code="b">BENT</subfield>
    <subfield code="p">39015071844745</subfield>
    <subfield code="z">Mayorâs Blue Ribbon Committee on Fair Rental Practices, [letter to Hon. Albert H. Wheeler, Mayor], 1977</subfield>
  </datafield>
  <datafield tag="955" ind1=" " ind2=" ">
    <subfield code="b">BENT</subfield>
    <subfield code="p">39015071844752</subfield>
    <subfield code="z">Model Cities Program, [Comprehensive first year action program], draft, 1970</subfield>
  </datafield>
  <datafield tag="955" ind1=" " ind2=" ">
    <subfield code="b">BENT</subfield>
    <subfield code="p">39015071844760</subfield>
    <subfield code="z">Model Cities Program, First year action plan, 1970</subfield>
  </datafield>
  <datafield tag="955" ind1=" " ind2=" ">
    <subfield code="b">BENT</subfield>
    <subfield code="p">39015071844778</subfield>
    <subfield code="z">Model Cities Program, Mid-planning statement, 1969</subfield>
  </datafield>
  <datafield tag="955" ind1=" " ind2=" ">
    <subfield code="b">BENT</subfield>
    <subfield code="p">39015071844786</subfield>
    <subfield code="z">Parks and Recreation, Dept. of, Report proposing parkland acquisition policy and guidelines (2 versions): one is a summary report for public distribution</subfield>
  </datafield>
  <datafield tag="955" ind1=" " ind2=" ">
    <subfield code="b">BENT</subfield>
    <subfield code="p">39015071844794</subfield>
    <subfield code="z">Parks and Recreation, Dept. of, Annual report, 1958/59</subfield>
  </datafield>
  <datafield tag="955" ind1=" " ind2=" ">
    <subfield code="b">BENT</subfield>
    <subfield code="p">39015071844802</subfield>
    <subfield code="z">Parks and Recreation, Dept. of, Report proposing parkland acquisition policy and guidelines (2 versions): one is a summary report for public distribution</subfield>
  </datafield>
  <datafield tag="955" ind1=" " ind2=" ">
    <subfield code="b">BENT</subfield>
    <subfield code="p">39015071844810</subfield>
    <subfield code="z">Parks and Recreation, Dept. of, Annual report, 1961/62</subfield>
  </datafield>
  <datafield tag="955" ind1=" " ind2=" ">
    <subfield code="b">BENT</subfield>
    <subfield code="p">39015071844828</subfield>
    <subfield code="z">Personnel Human Rights Department, Happenings of by &amp; for city employees of Ann Arbor, Jan./Feb.1984</subfield>
  </datafield>
  <datafield tag="955" ind1=" " ind2=" ">
    <subfield code="b">BENT</subfield>
    <subfield code="p">39015071844836</subfield>
    <subfield code="z">Personnel Human Rights Department, Happenings of by &amp; for city employees of Ann Arbor, Mar./Apr.1984</subfield>
  </datafield>
  <datafield tag="955" ind1=" " ind2=" ">
    <subfield code="b">BENT</subfield>
    <subfield code="p">39015071844844</subfield>
    <subfield code="z">Personnel Human Rights Department, Happenings of by &amp; for city employees of Ann Arbor, Nov./Dec.1984</subfield>
  </datafield>
  <datafield tag="955" ind1=" " ind2=" ">
    <subfield code="b">BENT</subfield>
    <subfield code="p">39015071844851</subfield>
    <subfield code="z">Personnel Human Rights Department, Happenings of by &amp; for city employees of Ann Arbor, Mar./Apr.1985</subfield>
  </datafield>
  <datafield tag="955" ind1=" " ind2=" ">
    <subfield code="b">BENT</subfield>
    <subfield code="p">39015071844869</subfield>
    <subfield code="z">Police Department, Fiscal report, 1980/81</subfield>
  </datafield>
  <datafield tag="955" ind1=" " ind2=" ">
    <subfield code="b">BENT</subfield>
    <subfield code="p">39015071844877</subfield>
    <subfield code="z">Police Department, C.O.P. community oriented policing: become a part of the answer, [1992]</subfield>
  </datafield>
  <datafield tag="955" ind1=" " ind2=" ">
    <subfield code="b">BENT</subfield>
    <subfield code="p">39015071844885</subfield>
    <subfield code="z">Police Department, Annual report, 1982</subfield>
  </datafield>
  <datafield tag="955" ind1=" " ind2=" ">
    <subfield code="b">BENT</subfield>
    <subfield code="p">39015071844893</subfield>
    <subfield code="z">Police Department, Annual report, 1957</subfield>
  </datafield>
  <datafield tag="955" ind1=" " ind2=" ">
    <subfield code="b">BENT</subfield>
    <subfield code="p">39015071844901</subfield>
    <subfield code="z">Police Department, Annual report, 1986</subfield>
  </datafield>
  <datafield tag="955" ind1=" " ind2=" ">
    <subfield code="b">BENT</subfield>
    <subfield code="p">39015071844919</subfield>
    <subfield code="z">Police Department, Annual report, 1956</subfield>
  </datafield>
  <datafield tag="955" ind1=" " ind2=" ">
    <subfield code="b">BENT</subfield>
    <subfield code="p">39015071844935</subfield>
    <subfield code="z">Solid Waste, Department of, Disposing of commercial trash: 1990 survey of Ann Arbor commercial establishments, final report, 1990</subfield>
  </datafield>
  <datafield tag="955" ind1=" " ind2=" ">
    <subfield code="b">BENT</subfield>
    <subfield code="p">39015071844943</subfield>
    <subfield code="z">Transportation Division, Areawide topics plan for the Ann Arbor-Ypsilanti Urban area, 1972</subfield>
  </datafield>
  <datafield tag="955" ind1=" " ind2=" ">
    <subfield code="b">BENT</subfield>
    <subfield code="p">39015071844950</subfield>
    <subfield code="z">Transportation Division, Old West Side residential parking permit report, March 1993</subfield>
  </datafield>
  <datafield tag="955" ind1=" " ind2=" ">
    <subfield code="b">BENT</subfield>
    <subfield code="p">39015071844968</subfield>
    <subfield code="z">Miscellaneous, Comprehensive circulation study prospectus for the city of Ann Arbor, 1973</subfield>
  </datafield>
  <datafield tag="955" ind1=" " ind2=" ">
    <subfield code="b">BENT</subfield>
    <subfield code="p">39015071844976</subfield>
    <subfield code="z">Miscellaneous, Comprehensive housing affordability strategy, draft for comment, 1991</subfield>
  </datafield>
  <datafield tag="955" ind1=" " ind2=" ">
    <subfield code="b">BENT</subfield>
    <subfield code="p">39015071844984</subfield>
    <subfield code="z">Miscellaneous, Audit report, 1958</subfield>
  </datafield>
  <datafield tag="955" ind1=" " ind2=" ">
    <subfield code="b">BENT</subfield>
    <subfield code="p">39015071844992</subfield>
    <subfield code="z">Miscellaneous, Municipal civil defense and disaster control plan, [n.d.]</subfield>
  </datafield>
  <datafield tag="955" ind1=" " ind2=" ">
    <subfield code="b">BENT</subfield>
    <subfield code="p">39015071845007</subfield>
    <subfield code="z">Miscellaneous, Project and status report, 1969</subfield>
  </datafield>
  <datafield tag="955" ind1=" " ind2=" ">
    <subfield code="b">BENT</subfield>
    <subfield code="p">39015071845015</subfield>
    <subfield code="z">Police Department, Monthly report, Feb.1997</subfield>
  </datafield>
  <datafield tag="955" ind1=" " ind2=" ">
    <subfield code="b">BENT</subfield>
    <subfield code="p">39015071845023</subfield>
    <subfield code="z">Police Department, Monthly report, Mar.1997</subfield>
  </datafield>
  <datafield tag="955" ind1=" " ind2=" ">
    <subfield code="b">BENT</subfield>
    <subfield code="p">39015071845031</subfield>
    <subfield code="z">Police Department, Monthly report, May1997</subfield>
  </datafield>
  <datafield tag="955" ind1=" " ind2=" ">
    <subfield code="b">BENT</subfield>
    <subfield code="p">39015071845049</subfield>
    <subfield code="z">Police Department, Monthly report, Oct.1997</subfield>
  </datafield>
  <datafield tag="955" ind1=" " ind2=" ">
    <subfield code="b">BENT</subfield>
    <subfield code="p">39015071845056</subfield>
    <subfield code="z">Police Department, Monthly report, Nov.1997</subfield>
  </datafield>
  <datafield tag="955" ind1=" " ind2=" ">
    <subfield code="b">BENT</subfield>
    <subfield code="p">39015071845064</subfield>
    <subfield code="z">Police Department, Monthly report, Dec.1997</subfield>
  </datafield>
  <datafield tag="955" ind1=" " ind2=" ">
    <subfield code="b">BENT</subfield>
    <subfield code="p">39015071845072</subfield>
    <subfield code="z">Police Department, Monthly report, June 1998</subfield>
  </datafield>
  <datafield tag="955" ind1=" " ind2=" ">
    <subfield code="b">BENT</subfield>
    <subfield code="p">39015071845080</subfield>
    <subfield code="z">Police Department, Monthly report, June 1994</subfield>
  </datafield>
  <datafield tag="955" ind1=" " ind2=" ">
    <subfield code="b">BENT</subfield>
    <subfield code="p">39015071845098</subfield>
    <subfield code="z">Police Department, Monthly report, July 1994</subfield>
  </datafield>
  <datafield tag="955" ind1=" " ind2=" ">
    <subfield code="b">BENT</subfield>
    <subfield code="p">39015071845106</subfield>
    <subfield code="z">Police Department, Monthly report, Sept. 1994</subfield>
  </datafield>
  <datafield tag="955" ind1=" " ind2=" ">
    <subfield code="b">BENT</subfield>
    <subfield code="p">39015071845114</subfield>
    <subfield code="z">Police Department, Monthly report, Oct. 1994</subfield>
  </datafield>
  <datafield tag="955" ind1=" " ind2=" ">
    <subfield code="b">BENT</subfield>
    <subfield code="p">39015071845122</subfield>
    <subfield code="z">Police Department, Monthly report, Nov. 1994</subfield>
  </datafield>
  <datafield tag="955" ind1=" " ind2=" ">
    <subfield code="b">BENT</subfield>
    <subfield code="p">39015071845130</subfield>
    <subfield code="z">Police Department, Monthly report, Dec. 1994</subfield>
  </datafield>
  <datafield tag="955" ind1=" " ind2=" ">
    <subfield code="b">BENT</subfield>
    <subfield code="p">39015071845148</subfield>
    <subfield code="z">Police Department, Monthly report, Jan. 1995</subfield>
  </datafield>
  <datafield tag="955" ind1=" " ind2=" ">
    <subfield code="b">BENT</subfield>
    <subfield code="p">39015071845155</subfield>
    <subfield code="z">Police Department, Monthly report, Feb. 1995</subfield>
  </datafield>
  <datafield tag="955" ind1=" " ind2=" ">
    <subfield code="b">BENT</subfield>
    <subfield code="p">39015071845163</subfield>
    <subfield code="z">Police Department, Monthly report, Apr. 1995</subfield>
  </datafield>
  <datafield tag="955" ind1=" " ind2=" ">
    <subfield code="b">BENT</subfield>
    <subfield code="p">39015071845171</subfield>
    <subfield code="z">Police Department, Monthly report, May 1995</subfield>
  </datafield>
  <datafield tag="955" ind1=" " ind2=" ">
    <subfield code="b">BENT</subfield>
    <subfield code="p">39015071845189</subfield>
    <subfield code="z">Police Department, Monthly report, Aug. 1995</subfield>
  </datafield>
  <datafield tag="955" ind1=" " ind2=" ">
    <subfield code="b">BENT</subfield>
    <subfield code="p">39015071845197</subfield>
    <subfield code="z">Police Department, Monthly report, Sept. 1995</subfield>
  </datafield>
  <datafield tag="955" ind1=" " ind2=" ">
    <subfield code="b">BENT</subfield>
    <subfield code="p">39015071845205</subfield>
    <subfield code="z">Police Department, Monthly report, Oct. 1995</subfield>
  </datafield>
  <datafield tag="955" ind1=" " ind2=" ">
    <subfield code="b">BENT</subfield>
    <subfield code="p">39015071845213</subfield>
    <subfield code="z">Police Department, Monthly report, Nov. 1995</subfield>
  </datafield>
  <datafield tag="955" ind1=" " ind2=" ">
    <subfield code="b">BENT</subfield>
    <subfield code="p">39015071845221</subfield>
    <subfield code="z">Police Department, Monthly report, Dec. 1995</subfield>
  </datafield>
  <datafield tag="955" ind1=" " ind2=" ">
    <subfield code="b">BENT</subfield>
    <subfield code="p">39015071845239</subfield>
    <subfield code="z">Police Department, Monthly report, Jan.1996</subfield>
  </datafield>
  <datafield tag="955" ind1=" " ind2=" ">
    <subfield code="b">BENT</subfield>
    <subfield code="p">39015071845247</subfield>
    <subfield code="z">Police Department, Monthly report, Apr.1996</subfield>
  </datafield>
  <datafield tag="955" ind1=" " ind2=" ">
    <subfield code="b">BENT</subfield>
    <subfield code="p">39015071845254</subfield>
    <subfield code="z">Police Department, Monthly report, May 1996</subfield>
  </datafield>
  <datafield tag="955" ind1=" " ind2=" ">
    <subfield code="b">BENT</subfield>
    <subfield code="p">39015071845262</subfield>
    <subfield code="z">Police Department, Monthly report, Sept. 1996</subfield>
  </datafield>
</record>
